%YAML 1.1
%TAG !u! tag:unity3d.com,2011:
--- !u!1 &3815211214974026113
GameObject:
  m_ObjectHideFlags: 0
  m_CorrespondingSourceObject: {fileID: 0}
  m_PrefabInstance: {fileID: 0}
  m_PrefabAsset: {fileID: 0}
  serializedVersion: 6
  m_Component:
  - component: {fileID: 3187970711135822985}
  - component: {fileID: 7954118125671778781}
  - component: {fileID: 2930549045730154320}
  m_Layer: 0
  m_Name: Freeform Light 2D
  m_TagString: Untagged
  m_Icon: {fileID: 0}
  m_NavMeshLayer: 0
  m_StaticEditorFlags: 0
  m_IsActive: 1
--- !u!4 &3187970711135822985
Transform:
  m_ObjectHideFlags: 0
  m_CorrespondingSourceObject: {fileID: 0}
  m_PrefabInstance: {fileID: 0}
  m_PrefabAsset: {fileID: 0}
  m_GameObject: {fileID: 3815211214974026113}
  m_LocalRotation: {x: 0, y: 0, z: 0, w: 1}
  m_LocalPosition: {x: 0, y: 0, z: 0}
  m_LocalScale: {x: 1, y: 1, z: 1}
  m_ConstrainProportionsScale: 0
  m_Children: []
  m_Father: {fileID: 6887965900616091776}
  m_RootOrder: 0
  m_LocalEulerAnglesHint: {x: 0, y: 0, z: 0}
--- !u!114 &7954118125671778781
MonoBehaviour:
  m_ObjectHideFlags: 0
  m_CorrespondingSourceObject: {fileID: 0}
  m_PrefabInstance: {fileID: 0}
  m_PrefabAsset: {fileID: 0}
  m_GameObject: {fileID: 3815211214974026113}
  m_Enabled: 1
  m_EditorHideFlags: 0
  m_Script: {fileID: 11500000, guid: 073797afb82c5a1438f328866b10b3f0, type: 3}
  m_Name: 
  m_EditorClassIdentifier: 
  m_ComponentVersion: 1
  m_LightType: 1
  m_BlendStyleIndex: 0
  m_FalloffIntensity: 0.815
  m_Color: {r: 1, g: 1, b: 0, a: 1}
  m_Intensity: 0.2
  m_LightVolumeIntensity: 0.2
  m_LightVolumeIntensityEnabled: 1
  m_ApplyToSortingLayers: 00000000a12ef431411de14843f85d82574d31ef
  m_LightCookieSprite: {fileID: 0}
  m_DeprecatedPointLightCookieSprite: {fileID: 0}
  m_LightOrder: 0
  m_AlphaBlendOnOverlap: 0
  m_OverlapOperation: 0
  m_NormalMapDistance: 3
  m_NormalMapQuality: 2
  m_UseNormalMap: 0
  m_ShadowIntensityEnabled: 1
  m_ShadowIntensity: 1
  m_ShadowVolumeIntensityEnabled: 0
  m_ShadowVolumeIntensity: 0
  m_Vertices:
  - position: {x: 89.88012, y: -0.35043335, z: 0}
    color: {r: 0, g: 0, b: 0, a: 1}
    uv: {x: 0, y: 0}
  - position: {x: -5.141205, y: 0.4084835, z: 0}
    color: {r: 0, g: 0, b: 0, a: 1}
    uv: {x: 0, y: 0}
  - position: {x: 89.889496, y: 0.3041954, z: 0}
    color: {r: 0, g: 0, b: 0, a: 1}
    uv: {x: 0, y: 0}
  - position: {x: -5.1412067, y: -0.2855339, z: 0}
    color: {r: 0, g: 0, b: 0, a: 1}
    uv: {x: 0, y: 0}
  - position: {x: -5.1412067, y: -0.2855339, z: 0}
    color: {r: 0, g: 0, b: 0, a: 1}
    uv: {x: 0, y: 0}
  - position: {x: 89.88012, y: -0.35043335, z: 0}
    color: {r: 0, g: 0, b: 0, a: 1}
    uv: {x: 0, y: 0}
  - position: {x: 89.889496, y: 0.3041954, z: 0}
    color: {r: 0, g: 0, b: 0, a: 1}
    uv: {x: 0, y: 0}
  - position: {x: -5.141205, y: 0.4084835, z: 0}
    color: {r: 0, g: 0, b: 0, a: 1}
    uv: {x: 0, y: 0}
  - position: {x: -7.7612, y: -0.2855, z: 0}
    color: {r: 0, g: 0, b: 0, a: 0}
    uv: {x: 0, y: 0}
  - position: {x: -7.7516, y: -0.5095, z: 0}
    color: {r: 0, g: 0, b: 0, a: 0}
    uv: {x: 0, y: 0}
  - position: {x: -7.7229, y: -0.7319, z: 0}
    color: {r: 0, g: 0, b: 0, a: 0}
    uv: {x: 0, y: 0}
  - position: {x: -7.6753, y: -0.951, z: 0}
    color: {r: 0, g: 0, b: 0, a: 0}
    uv: {x: 0, y: 0}
  - position: {x: -7.6091, y: -1.1653, z: 0}
    color: {r: 0, g: 0, b: 0, a: 0}
    uv: {x: 0, y: 0}
  - position: {x: -7.5248, y: -1.3731, z: 0}
    color: {r: 0, g: 0, b: 0, a: 0}
    uv: {x: 0, y: 0}
  - position: {x: -7.4231, y: -1.5729, z: 0}
    color: {r: 0, g: 0, b: 0, a: 0}
    uv: {x: 0, y: 0}
  - position: {x: -7.3046, y: -1.7633, z: 0}
    color: {r: 0, g: 0, b: 0, a: 0}
    uv: {x: 0, y: 0}
  - position: {x: -7.1704, y: -1.9429, z: 0}
    color: {r: 0, g: 0, b: 0, a: 0}
    uv: {x: 0, y: 0}
  - position: {x: -7.0212, y: -2.1103, z: 0}
    color: {r: 0, g: 0, b: 0, a: 0}
    uv: {x: 0, y: 0}
  - position: {x: -6.8583, y: -2.2644, z: 0}
    color: {r: 0, g: 0, b: 0, a: 0}
    uv: {x: 0, y: 0}
  - position: {x: -6.6828, y: -2.404, z: 0}
    color: {r: 0, g: 0, b: 0, a: 0}
    uv: {x: 0, y: 0}
  - position: {x: -6.496, y: -2.528, z: 0}
    color: {r: 0, g: 0, b: 0, a: 0}
    uv: {x: 0, y: 0}
  - position: {x: -6.2993, y: -2.6357, z: 0}
    color: {r: 0, g: 0, b: 0, a: 0}
    uv: {x: 0, y: 0}
  - position: {x: -6.0941, y: -2.7261, z: 0}
    color: {r: 0, g: 0, b: 0, a: 0}
    uv: {x: 0, y: 0}
  - position: {x: -5.8819, y: -2.7986, z: 0}
    color: {r: 0, g: 0, b: 0, a: 0}
    uv: {x: 0, y: 0}
  - position: {x: -5.6643, y: -2.8527, z: 0}
    color: {r: 0, g: 0, b: 0, a: 0}
    uv: {x: 0, y: 0}
  - position: {x: -5.4429, y: -2.8881, z: 0}
    color: {r: 0, g: 0, b: 0, a: 0}
    uv: {x: 0, y: 0}
  - position: {x: -5.143, y: -2.9055, z: 0}
    color: {r: 0, g: 0, b: 0, a: 0}
    uv: {x: 0, y: 0}
  - position: {x: 89.8783, y: -2.9704, z: 0}
    color: {r: 0, g: 0, b: 0, a: 0}
    uv: {x: 0, y: 0}
  - position: {x: 90.1023, y: -2.961, z: 0}
    color: {r: 0, g: 0, b: 0, a: 0}
    uv: {x: 0, y: 0}
  - position: {x: 90.3248, y: -2.9324, z: 0}
    color: {r: 0, g: 0, b: 0, a: 0}
    uv: {x: 0, y: 0}
  - position: {x: 90.5439, y: -2.8849, z: 0}
    color: {r: 0, g: 0, b: 0, a: 0}
    uv: {x: 0, y: 0}
  - position: {x: 90.7582, y: -2.8189, z: 0}
    color: {r: 0, g: 0, b: 0, a: 0}
    uv: {x: 0, y: 0}
  - position: {x: 90.966, y: -2.7347, z: 0}
    color: {r: 0, g: 0, b: 0, a: 0}
    uv: {x: 0, y: 0}
  - position: {x: 91.1659, y: -2.6332, z: 0}
    color: {r: 0, g: 0, b: 0, a: 0}
    uv: {x: 0, y: 0}
  - position: {x: 91.3564, y: -2.5148, z: 0}
    color: {r: 0, g: 0, b: 0, a: 0}
    uv: {x: 0, y: 0}
  - position: {x: 91.5361, y: -2.3807, z: 0}
    color: {r: 0, g: 0, b: 0, a: 0}
    uv: {x: 0, y: 0}
  - position: {x: 91.7036, y: -2.2316, z: 0}
    color: {r: 0, g: 0, b: 0, a: 0}
    uv: {x: 0, y: 0}
  - position: {x: 91.8578, y: -2.0688, z: 0}
    color: {r: 0, g: 0, b: 0, a: 0}
    uv: {x: 0, y: 0}
  - position: {x: 91.9975, y: -1.8934, z: 0}
    color: {r: 0, g: 0, b: 0, a: 0}
    uv: {x: 0, y: 0}
  - position: {x: 92.1217, y: -1.7067, z: 0}
    color: {r: 0, g: 0, b: 0, a: 0}
    uv: {x: 0, y: 0}
  - position: {x: 92.2295, y: -1.5101, z: 0}
    color: {r: 0, g: 0, b: 0, a: 0}
    uv: {x: 0, y: 0}
  - position: {x: 92.32, y: -1.305, z: 0}
    color: {r: 0, g: 0, b: 0, a: 0}
    uv: {x: 0, y: 0}
  - position: {x: 92.3927, y: -1.0928, z: 0}
    color: {r: 0, g: 0, b: 0, a: 0}
    uv: {x: 0, y: 0}
  - position: {x: 92.447, y: -0.8753, z: 0}
    color: {r: 0, g: 0, b: 0, a: 0}
    uv: {x: 0, y: 0}
  - position: {x: 92.4825, y: -0.6538, z: 0}
    color: {r: 0, g: 0, b: 0, a: 0}
    uv: {x: 0, y: 0}
  - position: {x: 92.4998, y: -0.3876, z: 0}
    color: {r: 0, g: 0, b: 0, a: 0}
    uv: {x: 0, y: 0}
  - position: {x: 92.5091, y: 0.2669, z: 0}
    color: {r: 0, g: 0, b: 0, a: 0}
    uv: {x: 0, y: 0}
  - position: {x: 92.5027, y: 0.491, z: 0}
    color: {r: 0, g: 0, b: 0, a: 0}
    uv: {x: 0, y: 0}
  - position: {x: 92.4772, y: 0.7138, z: 0}
    color: {r: 0, g: 0, b: 0, a: 0}
    uv: {x: 0, y: 0}
  - position: {x: 92.4327, y: 0.9336, z: 0}
    color: {r: 0, g: 0, b: 0, a: 0}
    uv: {x: 0, y: 0}
  - position: {x: 92.3695, y: 1.1487, z: 0}
    color: {r: 0, g: 0, b: 0, a: 0}
    uv: {x: 0, y: 0}
  - position: {x: 92.2882, y: 1.3577, z: 0}
    color: {r: 0, g: 0, b: 0, a: 0}
    uv: {x: 0, y: 0}
  - position: {x: 92.1893, y: 1.559, z: 0}
    color: {r: 0, g: 0, b: 0, a: 0}
    uv: {x: 0, y: 0}
  - position: {x: 92.0736, y: 1.751, z: 0}
    color: {r: 0, g: 0, b: 0, a: 0}
    uv: {x: 0, y: 0}
  - position: {x: 91.9419, y: 1.9325, z: 0}
    color: {r: 0, g: 0, b: 0, a: 0}
    uv: {x: 0, y: 0}
  - position: {x: 91.7951, y: 2.102, z: 0}
    color: {r: 0, g: 0, b: 0, a: 0}
    uv: {x: 0, y: 0}
  - position: {x: 91.6344, y: 2.2584, z: 0}
    color: {r: 0, g: 0, b: 0, a: 0}
    uv: {x: 0, y: 0}
  - position: {x: 91.4609, y: 2.4005, z: 0}
    color: {r: 0, g: 0, b: 0, a: 0}
    uv: {x: 0, y: 0}
  - position: {x: 91.2759, y: 2.5272, z: 0}
    color: {r: 0, g: 0, b: 0, a: 0}
    uv: {x: 0, y: 0}
  - position: {x: 91.0808, y: 2.6376, z: 0}
    color: {r: 0, g: 0, b: 0, a: 0}
    uv: {x: 0, y: 0}
  - position: {x: 90.8769, y: 2.7309, z: 0}
    color: {r: 0, g: 0, b: 0, a: 0}
    uv: {x: 0, y: 0}
  - position: {x: 90.6657, y: 2.8064, z: 0}
    color: {r: 0, g: 0, b: 0, a: 0}
    uv: {x: 0, y: 0}
  - position: {x: 90.4489, y: 2.8637, z: 0}
    color: {r: 0, g: 0, b: 0, a: 0}
    uv: {x: 0, y: 0}
  - position: {x: 90.228, y: 2.9021, z: 0}
    color: {r: 0, g: 0, b: 0, a: 0}
    uv: {x: 0, y: 0}
  - position: {x: 90.0046, y: 2.9216, z: 0}
    color: {r: 0, g: 0, b: 0, a: 0}
    uv: {x: 0, y: 0}
  - position: {x: 89.8923, y: 2.9241, z: 0}
    color: {r: 0, g: 0, b: 0, a: 0}
    uv: {x: 0, y: 0}
  - position: {x: -5.1383, y: 3.0284, z: 0}
    color: {r: 0, g: 0, b: 0, a: 0}
    uv: {x: 0, y: 0}
  - position: {x: -5.3624, y: 3.019, z: 0}
    color: {r: 0, g: 0, b: 0, a: 0}
    uv: {x: 0, y: 0}
  - position: {x: -5.5848, y: 2.9906, z: 0}
    color: {r: 0, g: 0, b: 0, a: 0}
    uv: {x: 0, y: 0}
  - position: {x: -5.804, y: 2.9432, z: 0}
    color: {r: 0, g: 0, b: 0, a: 0}
    uv: {x: 0, y: 0}
  - position: {x: -6.0183, y: 2.8772, z: 0}
    color: {r: 0, g: 0, b: 0, a: 0}
    uv: {x: 0, y: 0}
  - position: {x: -6.2262, y: 2.7932, z: 0}
    color: {r: 0, g: 0, b: 0, a: 0}
    uv: {x: 0, y: 0}
  - position: {x: -6.4261, y: 2.6917, z: 0}
    color: {r: 0, g: 0, b: 0, a: 0}
    uv: {x: 0, y: 0}
  - position: {x: -6.6166, y: 2.5735, z: 0}
    color: {r: 0, g: 0, b: 0, a: 0}
    uv: {x: 0, y: 0}
  - position: {x: -6.7964, y: 2.4394, z: 0}
    color: {r: 0, g: 0, b: 0, a: 0}
    uv: {x: 0, y: 0}
  - position: {x: -6.964, y: 2.2904, z: 0}
    color: {r: 0, g: 0, b: 0, a: 0}
    uv: {x: 0, y: 0}
  - position: {x: -7.1182, y: 2.1277, z: 0}
    color: {r: 0, g: 0, b: 0, a: 0}
    uv: {x: 0, y: 0}
  - position: {x: -7.258, y: 1.9523, z: 0}
    color: {r: 0, g: 0, b: 0, a: 0}
    uv: {x: 0, y: 0}
  - position: {x: -7.3822, y: 1.7657, z: 0}
    color: {r: 0, g: 0, b: 0, a: 0}
    uv: {x: 0, y: 0}
  - position: {x: -7.4901, y: 1.5691, z: 0}
    color: {r: 0, g: 0, b: 0, a: 0}
    uv: {x: 0, y: 0}
  - position: {x: -7.5807, y: 1.364, z: 0}
    color: {r: 0, g: 0, b: 0, a: 0}
    uv: {x: 0, y: 0}
  - position: {x: -7.6535, y: 1.1519, z: 0}
    color: {r: 0, g: 0, b: 0, a: 0}
    uv: {x: 0, y: 0}
  - position: {x: -7.7079, y: 0.9343, z: 0}
    color: {r: 0, g: 0, b: 0, a: 0}
    uv: {x: 0, y: 0}
  - position: {x: -7.7434, y: 0.7129, z: 0}
    color: {r: 0, g: 0, b: 0, a: 0}
    uv: {x: 0, y: 0}
  - position: {x: -7.7612, y: 0.4084, z: 0}
    color: {r: 0, g: 0, b: 0, a: 0}
    uv: {x: 0, y: 0}
  m_Triangles: 000001000200010000000300040008000800040008000900040009000a0004000a000b0004000b000c0004000c000d0004000d000e0004000e000f0004000f001000040010001100040011001200040012001300040013001400040014001500040015001600040016001700040017001800040018001900040019001a00040005001b0004001a001b0005001b001c0005001c001d0005001d001e0005001e001f0005001f002000050020002100050021002200050022002300050023002400050024002500050025002600050026002700050027002800050028002900050029002a0005002a002b0005002b002c0005002c002d00050006002e0005002d002e0006002e002f0006002f003000060030003100060031003200060032003300060033003400060034003500060035003600060036003700060037003800060038003900060039003a0006003a003b0006003b003c0006003c003d0006003d003e0006003e003f0006003f004000060040004100060007004200060041004200070042004300070043004400070044004500070045004600070046004700070047004800070048004900070049004a0007004a004b0007004b004c0007004c004d0007004d004e0007004e004f0007004f005000070050005100070051005200070052005300070053005400080004000700080054000700
  m_LocalBounds:
    m_Center: {x: 42.37395, y: 0.028999925, z: 0}
    m_Extent: {x: 50.13515, y: 2.9994001, z: 0}
  m_PointLightInnerAngle: 360
  m_PointLightOuterAngle: 360
  m_PointLightInnerRadius: 0
  m_PointLightOuterRadius: 1
  m_ShapeLightParametricSides: 5
  m_ShapeLightParametricAngleOffset: 0
  m_ShapeLightParametricRadius: 1
  m_ShapeLightFalloffSize: 2.62
  m_ShapeLightFalloffOffset: {x: 0, y: 0}
  m_ShapePath:
  - {x: -5.1412067, y: -0.2855339, z: 0}
  - {x: 89.88012, y: -0.35043335, z: 0}
  - {x: 89.889496, y: 0.3041954, z: 0}
  - {x: -5.141205, y: 0.4084835, z: 0}
--- !u!114 &2930549045730154320
MonoBehaviour:
  m_ObjectHideFlags: 0
  m_CorrespondingSourceObject: {fileID: 0}
  m_PrefabInstance: {fileID: 0}
  m_PrefabAsset: {fileID: 0}
  m_GameObject: {fileID: 3815211214974026113}
  m_Enabled: 1
  m_EditorHideFlags: 0
  m_Script: {fileID: 11500000, guid: 7cf1227465b7f1c40b315b02ed179493, type: 3}
  m_Name: 
  m_EditorClassIdentifier: 
--- !u!1 &6882094983890498092
GameObject:
  m_ObjectHideFlags: 0
  m_CorrespondingSourceObject: {fileID: 0}
  m_PrefabInstance: {fileID: 0}
  m_PrefabAsset: {fileID: 0}
  serializedVersion: 6
  m_Component:
  - component: {fileID: 6884005282959326944}
  - component: {fileID: 6733557561871589504}
  - component: {fileID: 2511625075294422329}
  - component: {fileID: 6818505648665661108}
  m_Layer: 19
  m_Name: GodRay
  m_TagString: Projectile
  m_Icon: {fileID: 0}
  m_NavMeshLayer: 0
  m_StaticEditorFlags: 0
  m_IsActive: 1
--- !u!4 &6884005282959326944
Transform:
  m_ObjectHideFlags: 0
  m_CorrespondingSourceObject: {fileID: 0}
  m_PrefabInstance: {fileID: 0}
  m_PrefabAsset: {fileID: 0}
  m_GameObject: {fileID: 6882094983890498092}
  m_LocalRotation: {x: 0, y: 0, z: 0, w: 1}
  m_LocalPosition: {x: 57.79, y: -123.81, z: 0}
  m_LocalScale: {x: 1, y: 1, z: 1}
  m_ConstrainProportionsScale: 0
  m_Children:
  - {fileID: 6884040371996812716}
  - {fileID: 6887965900616091776}
  m_Father: {fileID: 0}
  m_RootOrder: 1
  m_LocalEulerAnglesHint: {x: 0, y: 0, z: 0}
--- !u!212 &6733557561871589504
SpriteRenderer:
  m_ObjectHideFlags: 0
  m_CorrespondingSourceObject: {fileID: 0}
  m_PrefabInstance: {fileID: 0}
  m_PrefabAsset: {fileID: 0}
  m_GameObject: {fileID: 6882094983890498092}
  m_Enabled: 1
  m_CastShadows: 0
  m_ReceiveShadows: 0
  m_DynamicOccludee: 1
  m_StaticShadowCaster: 0
  m_MotionVectors: 1
  m_LightProbeUsage: 1
  m_ReflectionProbeUsage: 1
  m_RayTracingMode: 0
  m_RayTraceProcedural: 0
  m_RenderingLayerMask: 1
  m_RendererPriority: 0
  m_Materials:
  - {fileID: 2100000, guid: 820de85d8c7663d4e8671f769f4459b7, type: 2}
  m_StaticBatchInfo:
    firstSubMesh: 0
    subMeshCount: 0
  m_StaticBatchRoot: {fileID: 0}
  m_ProbeAnchor: {fileID: 0}
  m_LightProbeVolumeOverride: {fileID: 0}
  m_ScaleInLightmap: 1
  m_ReceiveGI: 1
  m_PreserveUVs: 0
  m_IgnoreNormalsForChartDetection: 0
  m_ImportantGI: 0
  m_StitchLightmapSeams: 0
  m_SelectedEditorRenderState: 0
  m_MinimumChartSize: 4
  m_AutoUVMaxDistance: 0.5
  m_AutoUVMaxAngle: 89
  m_LightmapParameters: {fileID: 0}
  m_SortingLayerID: -281981609
  m_SortingLayer: 4
  m_SortingOrder: 0
  m_Sprite: {fileID: 21300000, guid: f117329d5726f3e4d8c564441432987d, type: 3}
  m_Color: {r: 1, g: 0.9289228, b: 0, a: 1}
  m_FlipX: 0
  m_FlipY: 0
  m_DrawMode: 0
  m_Size: {x: 100, y: 5}
  m_AdaptiveModeThreshold: 0.5
  m_SpriteTileMode: 0
  m_WasSpriteAssigned: 1
  m_MaskInteraction: 0
  m_SpriteSortPoint: 0
--- !u!114 &2511625075294422329
MonoBehaviour:
  m_ObjectHideFlags: 0
  m_CorrespondingSourceObject: {fileID: 0}
  m_PrefabInstance: {fileID: 0}
  m_PrefabAsset: {fileID: 0}
  m_GameObject: {fileID: 6882094983890498092}
  m_Enabled: 1
  m_EditorHideFlags: 0
  m_Script: {fileID: 11500000, guid: ac816791b469f0f41af47967c460faf8, type: 3}
  m_Name: 
  m_EditorClassIdentifier: 
  finalLocationGoal: {fileID: 0}
  rayDuration: 2.5
  attackDamagePerSecond: 500
--- !u!82 &6818505648665661108
AudioSource:
  m_ObjectHideFlags: 0
  m_CorrespondingSourceObject: {fileID: 0}
  m_PrefabInstance: {fileID: 0}
  m_PrefabAsset: {fileID: 0}
  m_GameObject: {fileID: 6882094983890498092}
  m_Enabled: 1
  serializedVersion: 4
  OutputAudioMixerGroup: {fileID: 0}
  m_audioClip: {fileID: 8300000, guid: 56846bfdcf3e8a84e8bdd19f41c1c8e3, type: 3}
  m_PlayOnAwake: 0
  m_Volume: 1
  m_Pitch: 1
  Loop: 1
  Mute: 0
  Spatialize: 0
  SpatializePostEffects: 0
  Priority: 128
  DopplerLevel: 1
  MinDistance: 1
  MaxDistance: 500
  Pan2D: 0
  rolloffMode: 1
  BypassEffects: 0
  BypassListenerEffects: 0
  BypassReverbZones: 0
  rolloffCustomCurve:
    serializedVersion: 2
    m_Curve:
    - serializedVersion: 3
      time: 0
      value: 1
      inSlope: 0
      outSlope: 0
      tangentMode: 0
      weightedMode: 0
      inWeight: 0.33333334
      outWeight: 0.33333334
    - serializedVersion: 3
      time: 1
      value: 0
      inSlope: 0
      outSlope: 0
      tangentMode: 0
      weightedMode: 0
      inWeight: 0.33333334
      outWeight: 0.33333334
    m_PreInfinity: 2
    m_PostInfinity: 2
    m_RotationOrder: 4
  panLevelCustomCurve:
    serializedVersion: 2
    m_Curve:
    - serializedVersion: 3
      time: 0
      value: 1
      inSlope: 0
      outSlope: 0
      tangentMode: 0
      weightedMode: 0
      inWeight: 0.33333334
      outWeight: 0.33333334
    m_PreInfinity: 2
    m_PostInfinity: 2
    m_RotationOrder: 0
  spreadCustomCurve:
    serializedVersion: 2
    m_Curve:
    - serializedVersion: 3
      time: 0
      value: 0
      inSlope: 0
      outSlope: 0
      tangentMode: 0
      weightedMode: 0
      inWeight: 0.33333334
      outWeight: 0.33333334
    m_PreInfinity: 2
    m_PostInfinity: 2
    m_RotationOrder: 0
  reverbZoneMixCustomCurve:
    serializedVersion: 2
    m_Curve:
    - serializedVersion: 3
      time: 0
      value: 1
      inSlope: 0
      outSlope: 0
      tangentMode: 0
      weightedMode: 0
      inWeight: 0.33333334
      outWeight: 0.33333334
    m_PreInfinity: 2
    m_PostInfinity: 2
    m_RotationOrder: 0
--- !u!1 &6882167543759906520
GameObject:
  m_ObjectHideFlags: 0
  m_CorrespondingSourceObject: {fileID: 0}
  m_PrefabInstance: {fileID: 0}
  m_PrefabAsset: {fileID: 0}
  serializedVersion: 6
  m_Component:
  - component: {fileID: 6887965900616091776}
  m_Layer: 0
  m_Name: DirectionCheck
  m_TagString: Untagged
  m_Icon: {fileID: 0}
  m_NavMeshLayer: 0
  m_StaticEditorFlags: 0
  m_IsActive: 1
--- !u!4 &6887965900616091776
Transform:
  m_ObjectHideFlags: 0
  m_CorrespondingSourceObject: {fileID: 0}
  m_PrefabInstance: {fileID: 0}
  m_PrefabAsset: {fileID: 0}
  m_GameObject: {fileID: 6882167543759906520}
  m_LocalRotation: {x: 0, y: 0, z: 0, w: 1}
  m_LocalPosition: {x: 5, y: 0, z: 0}
  m_LocalScale: {x: 1, y: 1, z: 1}
  m_ConstrainProportionsScale: 0
  m_Children:
  - {fileID: 3187970711135822985}
  m_Father: {fileID: 6884005282959326944}
  m_RootOrder: 1
  m_LocalEulerAnglesHint: {x: 0, y: 0, z: 0}
--- !u!1 &6882362149732578048
GameObject:
  m_ObjectHideFlags: 0
  m_CorrespondingSourceObject: {fileID: 0}
  m_PrefabInstance: {fileID: 0}
  m_PrefabAsset: {fileID: 0}
  serializedVersion: 6
  m_Component:
  - component: {fileID: 6884040371996812716}
  - component: {fileID: 6735029979201792224}
  m_Layer: 0
  m_Name: LightBalls
  m_TagString: Untagged
  m_Icon: {fileID: 0}
  m_NavMeshLayer: 0
  m_StaticEditorFlags: 0
  m_IsActive: 1
--- !u!4 &6884040371996812716
Transform:
  m_ObjectHideFlags: 0
  m_CorrespondingSourceObject: {fileID: 0}
  m_PrefabInstance: {fileID: 0}
  m_PrefabAsset: {fileID: 0}
  m_GameObject: {fileID: 6882362149732578048}
  m_LocalRotation: {x: -0, y: -0, z: -0, w: 1}
  m_LocalPosition: {x: 0, y: 0, z: -1}
  m_LocalScale: {x: 1, y: 1, z: 1}
  m_ConstrainProportionsScale: 0
  m_Children: []
  m_Father: {fileID: 6884005282959326944}
  m_RootOrder: 0
  m_LocalEulerAnglesHint: {x: 0, y: 0, z: 0}
--- !u!212 &6735029979201792224
SpriteRenderer:
  m_ObjectHideFlags: 0
  m_CorrespondingSourceObject: {fileID: 0}
  m_PrefabInstance: {fileID: 0}
  m_PrefabAsset: {fileID: 0}
  m_GameObject: {fileID: 6882362149732578048}
  m_Enabled: 1
  m_CastShadows: 0
  m_ReceiveShadows: 0
  m_DynamicOccludee: 1
  m_StaticShadowCaster: 0
  m_MotionVectors: 1
  m_LightProbeUsage: 1
  m_ReflectionProbeUsage: 1
  m_RayTracingMode: 0
  m_RayTraceProcedural: 0
  m_RenderingLayerMask: 1
  m_RendererPriority: 0
  m_Materials:
  - {fileID: 2100000, guid: a4d53a761a628a04a83fe1f58915e62c, type: 2}
  m_StaticBatchInfo:
    firstSubMesh: 0
    subMeshCount: 0
  m_StaticBatchRoot: {fileID: 0}
  m_ProbeAnchor: {fileID: 0}
  m_LightProbeVolumeOverride: {fileID: 0}
  m_ScaleInLightmap: 1
  m_ReceiveGI: 1
  m_PreserveUVs: 0
  m_IgnoreNormalsForChartDetection: 0
  m_ImportantGI: 0
  m_StitchLightmapSeams: 0
  m_SelectedEditorRenderState: 0
  m_MinimumChartSize: 4
  m_AutoUVMaxDistance: 0.5
  m_AutoUVMaxAngle: 89
  m_LightmapParameters: {fileID: 0}
  m_SortingLayerID: -281981609
  m_SortingLayer: 4
  m_SortingOrder: 1
  m_Sprite: {fileID: 21300000, guid: 5998800ba8899314199a9bbc9fd05b97, type: 3}
  m_Color: {r: 1, g: 1, b: 0, a: 1}
  m_FlipX: 0
  m_FlipY: 0
  m_DrawMode: 0
  m_Size: {x: 100, y: 5}
  m_AdaptiveModeThreshold: 0.5
  m_SpriteTileMode: 0
  m_WasSpriteAssigned: 1
  m_MaskInteraction: 0
  m_SpriteSortPoint: 0
