%YAML 1.1
%TAG !u! tag:unity3d.com,2011:
--- !u!1 &2849223851420817049
GameObject:
  m_ObjectHideFlags: 0
  m_CorrespondingSourceObject: {fileID: 0}
  m_PrefabInstance: {fileID: 0}
  m_PrefabAsset: {fileID: 0}
  serializedVersion: 6
  m_Component:
  - component: {fileID: 5816132124547058939}
  - component: {fileID: 6263465633639808596}
  m_Layer: 0
  m_Name: DeathSprite
  m_TagString: Untagged
  m_Icon: {fileID: 0}
  m_NavMeshLayer: 0
  m_StaticEditorFlags: 0
  m_IsActive: 0
--- !u!4 &5816132124547058939
Transform:
  m_ObjectHideFlags: 0
  m_CorrespondingSourceObject: {fileID: 0}
  m_PrefabInstance: {fileID: 0}
  m_PrefabAsset: {fileID: 0}
  m_GameObject: {fileID: 2849223851420817049}
  m_LocalRotation: {x: -0, y: -0, z: -0, w: 1}
  m_LocalPosition: {x: -0.056, y: 1.42, z: 0}
  m_LocalScale: {x: 0.215, y: 0.215, z: 0.215}
  m_ConstrainProportionsScale: 0
  m_Children: []
  m_Father: {fileID: 4961965287145103271}
  m_RootOrder: -1
  m_LocalEulerAnglesHint: {x: 0, y: 0, z: 0}
--- !u!212 &6263465633639808596
SpriteRenderer:
  m_ObjectHideFlags: 0
  m_CorrespondingSourceObject: {fileID: 0}
  m_PrefabInstance: {fileID: 0}
  m_PrefabAsset: {fileID: 0}
  m_GameObject: {fileID: 2849223851420817049}
  m_Enabled: 1
  m_CastShadows: 0
  m_ReceiveShadows: 0
  m_DynamicOccludee: 1
  m_StaticShadowCaster: 0
  m_MotionVectors: 1
  m_LightProbeUsage: 1
  m_ReflectionProbeUsage: 1
  m_RayTracingMode: 0
  m_RayTraceProcedural: 0
  m_RenderingLayerMask: 1
  m_RendererPriority: 0
  m_Materials:
  - {fileID: 2100000, guid: f2e8db448c0f0ac4c950eebe87212f99, type: 2}
  m_StaticBatchInfo:
    firstSubMesh: 0
    subMeshCount: 0
  m_StaticBatchRoot: {fileID: 0}
  m_ProbeAnchor: {fileID: 0}
  m_LightProbeVolumeOverride: {fileID: 0}
  m_ScaleInLightmap: 1
  m_ReceiveGI: 1
  m_PreserveUVs: 0
  m_IgnoreNormalsForChartDetection: 0
  m_ImportantGI: 0
  m_StitchLightmapSeams: 1
  m_SelectedEditorRenderState: 0
  m_MinimumChartSize: 4
  m_AutoUVMaxDistance: 0.5
  m_AutoUVMaxAngle: 89
  m_LightmapParameters: {fileID: 0}
  m_SortingLayerID: -2107770813
  m_SortingLayer: 3
  m_SortingOrder: 0
  m_Sprite: {fileID: 21300000, guid: e6b804d60de162f4188ab0a336054802, type: 3}
  m_Color: {r: 1, g: 1, b: 1, a: 1}
  m_FlipX: 0
  m_FlipY: 0
  m_DrawMode: 0
  m_Size: {x: 10.24, y: 10.24}
  m_AdaptiveModeThreshold: 0.5
  m_SpriteTileMode: 0
  m_WasSpriteAssigned: 1
  m_MaskInteraction: 0
  m_SpriteSortPoint: 0
--- !u!1 &3504081650123190245
GameObject:
  m_ObjectHideFlags: 0
  m_CorrespondingSourceObject: {fileID: 0}
  m_PrefabInstance: {fileID: 0}
  m_PrefabAsset: {fileID: 0}
  serializedVersion: 6
  m_Component:
  - component: {fileID: 307379844589856874}
  m_Layer: 0
  m_Name: FrontAttackCheck
  m_TagString: Untagged
  m_Icon: {fileID: 4422084297763085224, guid: 0000000000000000d000000000000000, type: 0}
  m_NavMeshLayer: 0
  m_StaticEditorFlags: 0
  m_IsActive: 1
--- !u!4 &307379844589856874
Transform:
  m_ObjectHideFlags: 0
  m_CorrespondingSourceObject: {fileID: 0}
  m_PrefabInstance: {fileID: 0}
  m_PrefabAsset: {fileID: 0}
  m_GameObject: {fileID: 3504081650123190245}
  m_LocalRotation: {x: 0, y: 0, z: 0, w: 1}
  m_LocalPosition: {x: 0.457, y: 1.173, z: 0}
  m_LocalScale: {x: 1, y: 1, z: 1}
  m_ConstrainProportionsScale: 0
  m_Children: []
  m_Father: {fileID: 3453260141183508104}
  m_RootOrder: -1
  m_LocalEulerAnglesHint: {x: 0, y: 0, z: 0}
--- !u!1 &3698507938499987639
GameObject:
  m_ObjectHideFlags: 0
  m_CorrespondingSourceObject: {fileID: 0}
  m_PrefabInstance: {fileID: 0}
  m_PrefabAsset: {fileID: 0}
  serializedVersion: 6
  m_Component:
  - component: {fileID: 5800929231905571816}
  - component: {fileID: 7198223787438552568}
  - component: {fileID: 6137963259166437496}
  - component: {fileID: 1286264105127143563}
  m_Layer: 0
  m_Name: Sounds
  m_TagString: Untagged
  m_Icon: {fileID: 0}
  m_NavMeshLayer: 0
  m_StaticEditorFlags: 0
  m_IsActive: 1
--- !u!4 &5800929231905571816
Transform:
  m_ObjectHideFlags: 0
  m_CorrespondingSourceObject: {fileID: 0}
  m_PrefabInstance: {fileID: 0}
  m_PrefabAsset: {fileID: 0}
  m_GameObject: {fileID: 3698507938499987639}
  m_LocalRotation: {x: 0, y: 0, z: 0, w: 1}
  m_LocalPosition: {x: 0, y: 0, z: 0}
  m_LocalScale: {x: 1, y: 1, z: 1}
  m_ConstrainProportionsScale: 0
  m_Children: []
  m_Father: {fileID: 4961965287145103271}
  m_RootOrder: -1
  m_LocalEulerAnglesHint: {x: 0, y: 0, z: 0}
--- !u!82 &7198223787438552568
AudioSource:
  m_ObjectHideFlags: 0
  m_CorrespondingSourceObject: {fileID: 0}
  m_PrefabInstance: {fileID: 0}
  m_PrefabAsset: {fileID: 0}
  m_GameObject: {fileID: 3698507938499987639}
  m_Enabled: 1
  serializedVersion: 4
  OutputAudioMixerGroup: {fileID: 0}
  m_audioClip: {fileID: 8300000, guid: 337394d19cb788041b5afa38cf34a362, type: 3}
  m_PlayOnAwake: 0
  m_Volume: 1
  m_Pitch: 1
  Loop: 0
  Mute: 0
  Spatialize: 0
  SpatializePostEffects: 0
  Priority: 128
  DopplerLevel: 1
  MinDistance: 1
  MaxDistance: 20
  Pan2D: 0
  rolloffMode: 1
  BypassEffects: 0
  BypassListenerEffects: 0
  BypassReverbZones: 0
  rolloffCustomCurve:
    serializedVersion: 2
    m_Curve:
    - serializedVersion: 3
      time: 0
      value: 1
      inSlope: 0
      outSlope: 0
      tangentMode: 0
      weightedMode: 0
      inWeight: 0.33333334
      outWeight: 0.33333334
    - serializedVersion: 3
      time: 1
      value: 0
      inSlope: 0
      outSlope: 0
      tangentMode: 0
      weightedMode: 0
      inWeight: 0.33333334
      outWeight: 0.33333334
    m_PreInfinity: 2
    m_PostInfinity: 2
    m_RotationOrder: 4
  panLevelCustomCurve:
    serializedVersion: 2
    m_Curve:
    - serializedVersion: 3
      time: 0
      value: 1
      inSlope: 0
      outSlope: 0
      tangentMode: 0
      weightedMode: 0
      inWeight: 0.33333334
      outWeight: 0.33333334
    m_PreInfinity: 2
    m_PostInfinity: 2
    m_RotationOrder: 4
  spreadCustomCurve:
    serializedVersion: 2
    m_Curve:
    - serializedVersion: 3
      time: 0
      value: 0
      inSlope: 0
      outSlope: 0
      tangentMode: 0
      weightedMode: 0
      inWeight: 0.33333334
      outWeight: 0.33333334
    m_PreInfinity: 2
    m_PostInfinity: 2
    m_RotationOrder: 4
  reverbZoneMixCustomCurve:
    serializedVersion: 2
    m_Curve:
    - serializedVersion: 3
      time: 0
      value: 1
      inSlope: 0
      outSlope: 0
      tangentMode: 0
      weightedMode: 0
      inWeight: 0.33333334
      outWeight: 0.33333334
    m_PreInfinity: 2
    m_PostInfinity: 2
    m_RotationOrder: 4
--- !u!82 &6137963259166437496
AudioSource:
  m_ObjectHideFlags: 0
  m_CorrespondingSourceObject: {fileID: 0}
  m_PrefabInstance: {fileID: 0}
  m_PrefabAsset: {fileID: 0}
  m_GameObject: {fileID: 3698507938499987639}
  m_Enabled: 1
  serializedVersion: 4
  OutputAudioMixerGroup: {fileID: 0}
  m_audioClip: {fileID: 8300000, guid: 615523466cf37c14f95e0353985f914b, type: 3}
  m_PlayOnAwake: 0
  m_Volume: 1
  m_Pitch: 1
  Loop: 0
  Mute: 0
  Spatialize: 0
  SpatializePostEffects: 0
  Priority: 128
  DopplerLevel: 1
  MinDistance: 1
  MaxDistance: 20
  Pan2D: 0
  rolloffMode: 1
  BypassEffects: 0
  BypassListenerEffects: 0
  BypassReverbZones: 0
  rolloffCustomCurve:
    serializedVersion: 2
    m_Curve:
    - serializedVersion: 3
      time: 0
      value: 1
      inSlope: 0
      outSlope: 0
      tangentMode: 0
      weightedMode: 0
      inWeight: 0.33333334
      outWeight: 0.33333334
    - serializedVersion: 3
      time: 1
      value: 0
      inSlope: 0
      outSlope: 0
      tangentMode: 0
      weightedMode: 0
      inWeight: 0.33333334
      outWeight: 0.33333334
    m_PreInfinity: 2
    m_PostInfinity: 2
    m_RotationOrder: 4
  panLevelCustomCurve:
    serializedVersion: 2
    m_Curve:
    - serializedVersion: 3
      time: 0
      value: 1
      inSlope: 0
      outSlope: 0
      tangentMode: 0
      weightedMode: 0
      inWeight: 0.33333334
      outWeight: 0.33333334
    m_PreInfinity: 2
    m_PostInfinity: 2
    m_RotationOrder: 4
  spreadCustomCurve:
    serializedVersion: 2
    m_Curve:
    - serializedVersion: 3
      time: 0
      value: 0
      inSlope: 0
      outSlope: 0
      tangentMode: 0
      weightedMode: 0
      inWeight: 0.33333334
      outWeight: 0.33333334
    m_PreInfinity: 2
    m_PostInfinity: 2
    m_RotationOrder: 4
  reverbZoneMixCustomCurve:
    serializedVersion: 2
    m_Curve:
    - serializedVersion: 3
      time: 0
      value: 1
      inSlope: 0
      outSlope: 0
      tangentMode: 0
      weightedMode: 0
      inWeight: 0.33333334
      outWeight: 0.33333334
    m_PreInfinity: 2
    m_PostInfinity: 2
    m_RotationOrder: 4
--- !u!82 &1286264105127143563
AudioSource:
  m_ObjectHideFlags: 0
  m_CorrespondingSourceObject: {fileID: 0}
  m_PrefabInstance: {fileID: 0}
  m_PrefabAsset: {fileID: 0}
  m_GameObject: {fileID: 3698507938499987639}
  m_Enabled: 1
  serializedVersion: 4
  OutputAudioMixerGroup: {fileID: 0}
  m_audioClip: {fileID: 8300000, guid: 772dfdde326dcc447b12bf0eabe631f4, type: 3}
  m_PlayOnAwake: 0
  m_Volume: 1
  m_Pitch: 1
  Loop: 0
  Mute: 0
  Spatialize: 0
  SpatializePostEffects: 0
  Priority: 128
  DopplerLevel: 1
  MinDistance: 1
  MaxDistance: 20
  Pan2D: 0
  rolloffMode: 1
  BypassEffects: 0
  BypassListenerEffects: 0
  BypassReverbZones: 0
  rolloffCustomCurve:
    serializedVersion: 2
    m_Curve:
    - serializedVersion: 3
      time: 0
      value: 1
      inSlope: 0
      outSlope: 0
      tangentMode: 0
      weightedMode: 0
      inWeight: 0.33333334
      outWeight: 0.33333334
    - serializedVersion: 3
      time: 1
      value: 0
      inSlope: 0
      outSlope: 0
      tangentMode: 0
      weightedMode: 0
      inWeight: 0.33333334
      outWeight: 0.33333334
    m_PreInfinity: 2
    m_PostInfinity: 2
    m_RotationOrder: 4
  panLevelCustomCurve:
    serializedVersion: 2
    m_Curve:
    - serializedVersion: 3
      time: 0
      value: 1
      inSlope: 0
      outSlope: 0
      tangentMode: 0
      weightedMode: 0
      inWeight: 0.33333334
      outWeight: 0.33333334
    m_PreInfinity: 2
    m_PostInfinity: 2
    m_RotationOrder: 4
  spreadCustomCurve:
    serializedVersion: 2
    m_Curve:
    - serializedVersion: 3
      time: 0
      value: 0
      inSlope: 0
      outSlope: 0
      tangentMode: 0
      weightedMode: 0
      inWeight: 0.33333334
      outWeight: 0.33333334
    m_PreInfinity: 2
    m_PostInfinity: 2
    m_RotationOrder: 4
  reverbZoneMixCustomCurve:
    serializedVersion: 2
    m_Curve:
    - serializedVersion: 3
      time: 0
      value: 1
      inSlope: 0
      outSlope: 0
      tangentMode: 0
      weightedMode: 0
      inWeight: 0.33333334
      outWeight: 0.33333334
    m_PreInfinity: 2
    m_PostInfinity: 2
    m_RotationOrder: 4
--- !u!1 &4961965286908113369
GameObject:
  m_ObjectHideFlags: 0
  m_CorrespondingSourceObject: {fileID: 0}
  m_PrefabInstance: {fileID: 0}
  m_PrefabAsset: {fileID: 0}
  serializedVersion: 6
  m_Component:
  - component: {fileID: 4961965286908113350}
  - component: {fileID: 4961965286908113351}
  m_Layer: 0
  m_Name: RightLegSolver2D
  m_TagString: Untagged
  m_Icon: {fileID: 0}
  m_NavMeshLayer: 0
  m_StaticEditorFlags: 0
  m_IsActive: 1
--- !u!4 &4961965286908113350
Transform:
  m_ObjectHideFlags: 0
  m_CorrespondingSourceObject: {fileID: 0}
  m_PrefabInstance: {fileID: 0}
  m_PrefabAsset: {fileID: 0}
  m_GameObject: {fileID: 4961965286908113369}
  m_LocalRotation: {x: -0, y: -0, z: -0, w: 1}
  m_LocalPosition: {x: 0, y: 0, z: 0}
  m_LocalScale: {x: 1, y: 1, z: 1}
  m_ConstrainProportionsScale: 0
  m_Children:
  - {fileID: 4961965287259471171}
  m_Father: {fileID: 6049362518520098583}
  m_RootOrder: -1
  m_LocalEulerAnglesHint: {x: 0, y: 0, z: 0}
--- !u!114 &4961965286908113351
MonoBehaviour:
  m_ObjectHideFlags: 0
  m_CorrespondingSourceObject: {fileID: 0}
  m_PrefabInstance: {fileID: 0}
  m_PrefabAsset: {fileID: 0}
  m_GameObject: {fileID: 4961965286908113369}
  m_Enabled: 1
  m_EditorHideFlags: 0
  m_Script: {fileID: 11500000, guid: 30ae93fb156fc6d4c828c64571fc3edd, type: 3}
  m_Name: 
  m_EditorClassIdentifier: 
  m_ConstrainRotation: 1
  m_SolveFromDefaultPose: 1
  m_Weight: 1
  m_Chain:
    m_EffectorTransform: {fileID: 5348977399989702446}
    m_TargetTransform: {fileID: 4961965287259471171}
    m_TransformCount: 3
    m_Transforms:
    - {fileID: 5730527835655049701}
    - {fileID: 4729520036866467353}
    - {fileID: 5348977399989702446}
    m_DefaultLocalRotations:
    - {x: 0, y: -0, z: -0.9996008, w: 0.028252732}
    - {x: 0, y: 0, z: -0.07154779, w: 0.9974372}
    - {x: 0, y: 0, z: 0.78315467, w: 0.62182695}
    m_StoredLocalRotations:
    - {x: 0, y: 0, z: 0, w: 0}
    - {x: 0, y: 0, z: 0, w: 0}
    - {x: 0, y: 0, z: 0, w: 0}
  m_Flip: 0
--- !u!1 &4961965286941423881
GameObject:
  m_ObjectHideFlags: 0
  m_CorrespondingSourceObject: {fileID: 0}
  m_PrefabInstance: {fileID: 0}
  m_PrefabAsset: {fileID: 0}
  serializedVersion: 6
  m_Component:
  - component: {fileID: 4961965286941423926}
  m_Layer: 0
  m_Name: RightArmSolver2D_Target
  m_TagString: Untagged
  m_Icon: {fileID: 0}
  m_NavMeshLayer: 0
  m_StaticEditorFlags: 0
  m_IsActive: 1
--- !u!4 &4961965286941423926
Transform:
  m_ObjectHideFlags: 0
  m_CorrespondingSourceObject: {fileID: 0}
  m_PrefabInstance: {fileID: 0}
  m_PrefabAsset: {fileID: 0}
  m_GameObject: {fileID: 4961965286941423881}
  m_LocalRotation: {x: -0, y: -0, z: 0.710124, w: -0.70407665}
  m_LocalPosition: {x: -3.26, y: 4.96, z: 0}
  m_LocalScale: {x: 4.6511626, y: 4.6511626, z: 4.6511626}
  m_ConstrainProportionsScale: 0
  m_Children: []
  m_Father: {fileID: 4961965288216280549}
  m_RootOrder: -1
  m_LocalEulerAnglesHint: {x: 0, y: 0, z: 0}
--- !u!1 &4961965287145103270
GameObject:
  m_ObjectHideFlags: 0
  m_CorrespondingSourceObject: {fileID: 0}
  m_PrefabInstance: {fileID: 0}
  m_PrefabAsset: {fileID: 0}
  serializedVersion: 6
  m_Component:
  - component: {fileID: 4961965287145103271}
  - component: {fileID: 4961965287145103265}
  - component: {fileID: 4961965287145103264}
  - component: {fileID: 4961965287145103267}
  - component: {fileID: 6314910744857286581}
  - component: {fileID: 4961965287145103266}
  - component: {fileID: 4961965287145103269}
  - component: {fileID: 4961965287145103268}
  m_Layer: 9
  m_Name: Bandit
  m_TagString: Enemy
  m_Icon: {fileID: 0}
  m_NavMeshLayer: 0
  m_StaticEditorFlags: 0
  m_IsActive: 1
--- !u!4 &4961965287145103271
Transform:
  m_ObjectHideFlags: 0
  m_CorrespondingSourceObject: {fileID: 0}
  m_PrefabInstance: {fileID: 0}
  m_PrefabAsset: {fileID: 0}
  m_GameObject: {fileID: 4961965287145103270}
  m_LocalRotation: {x: -0, y: -0, z: -0, w: 1}
  m_LocalPosition: {x: -85.58, y: -36.41, z: 0}
  m_LocalScale: {x: 1, y: 1, z: 1}
  m_ConstrainProportionsScale: 0
  m_Children:
  - {fileID: 6049362518520098583}
  - {fileID: 5800929231905571816}
  - {fileID: 3453260141183508104}
  - {fileID: 5816132124547058939}
  - {fileID: 4859549241191344726}
  - {fileID: 8970946105961391336}
  - {fileID: 847239844101459399}
  - {fileID: 6825922078252686859}
  m_Father: {fileID: 0}
  m_RootOrder: 0
  m_LocalEulerAnglesHint: {x: 0, y: 0, z: 0}
--- !u!61 &4961965287145103265
BoxCollider2D:
  m_ObjectHideFlags: 0
  m_CorrespondingSourceObject: {fileID: 0}
  m_PrefabInstance: {fileID: 0}
  m_PrefabAsset: {fileID: 0}
  m_GameObject: {fileID: 4961965287145103270}
  m_Enabled: 1
  m_Density: 1
  m_Material: {fileID: 0}
  m_IncludeLayers:
    serializedVersion: 2
    m_Bits: 0
  m_ExcludeLayers:
    serializedVersion: 2
    m_Bits: 0
  m_LayerOverridePriority: 0
  m_ForceSendLayers:
    serializedVersion: 2
    m_Bits: 4294967295
  m_ForceReceiveLayers:
    serializedVersion: 2
    m_Bits: 4294967295
  m_ContactCaptureLayers:
    serializedVersion: 2
    m_Bits: 4294967295
  m_CallbackLayers:
    serializedVersion: 2
    m_Bits: 4294967295
  m_IsTrigger: 0
  m_UsedByEffector: 0
  m_UsedByComposite: 0
  m_Offset: {x: -0.08, y: 1.3}
  m_SpriteTilingProperty:
    border: {x: 0, y: 0, z: 0, w: 0}
    pivot: {x: 0, y: 0}
    oldSize: {x: 0, y: 0}
    newSize: {x: 0, y: 0}
    adaptiveTilingThreshold: 0
    drawMode: 0
    adaptiveTiling: 0
  m_AutoTiling: 0
  serializedVersion: 2
  m_Size: {x: 0.7, y: 1.84}
  m_EdgeRadius: 0
--- !u!50 &4961965287145103264
Rigidbody2D:
  serializedVersion: 4
  m_ObjectHideFlags: 0
  m_CorrespondingSourceObject: {fileID: 0}
  m_PrefabInstance: {fileID: 0}
  m_PrefabAsset: {fileID: 0}
  m_GameObject: {fileID: 4961965287145103270}
  m_BodyType: 0
  m_Simulated: 1
  m_UseFullKinematicContacts: 0
  m_UseAutoMass: 0
  m_Mass: 2
  m_LinearDrag: 8
  m_AngularDrag: 0.05
  m_GravityScale: 6
  m_Material: {fileID: 6200000, guid: 8be6341e1ce3f4cec9902bc34f72d20a, type: 2}
  m_IncludeLayers:
    serializedVersion: 2
    m_Bits: 0
  m_ExcludeLayers:
    serializedVersion: 2
    m_Bits: 0
  m_Interpolate: 0
  m_SleepingMode: 1
  m_CollisionDetection: 1
  m_Constraints: 5
--- !u!114 &4961965287145103267
MonoBehaviour:
  m_ObjectHideFlags: 0
  m_CorrespondingSourceObject: {fileID: 0}
  m_PrefabInstance: {fileID: 0}
  m_PrefabAsset: {fileID: 0}
  m_GameObject: {fileID: 4961965287145103270}
  m_Enabled: 1
  m_EditorHideFlags: 0
  m_Script: {fileID: 11500000, guid: 0252a5e21fe76a34d8e892b10e2faf84, type: 3}
  m_Name: 
  m_EditorClassIdentifier: 
  maxHealth: 20
  health: 20
  isAnimal: 0
  isHuman: 1
  unverwundbar: 0
  onLadder: 0
  dead: 0
  ranged: 1
  lastDamageType: 0
  recievedAttacks: 0
  facingRight: 0
  noBloodied: 0
  attackNames:
  - MeleeStab
  attackDamages: 0a000000
--- !u!114 &6314910744857286581
MonoBehaviour:
  m_ObjectHideFlags: 0
  m_CorrespondingSourceObject: {fileID: 0}
  m_PrefabInstance: {fileID: 0}
  m_PrefabAsset: {fileID: 0}
  m_GameObject: {fileID: 4961965287145103270}
  m_Enabled: 1
  m_EditorHideFlags: 0
  m_Script: {fileID: 11500000, guid: f7e33fcfd330af54c8c2e62f37492bb8, type: 3}
  m_Name: 
  m_EditorClassIdentifier: 
  startDialog: {fileID: 0}
  pushForce: 20
  speed: 10
--- !u!114 &4961965287145103266
MonoBehaviour:
  m_ObjectHideFlags: 0
  m_CorrespondingSourceObject: {fileID: 0}
  m_PrefabInstance: {fileID: 0}
  m_PrefabAsset: {fileID: 0}
  m_GameObject: {fileID: 4961965287145103270}
  m_Enabled: 1
  m_EditorHideFlags: 0
  m_Script: {fileID: 11500000, guid: 943ed9c3e1c87ca449437af04d5c336f, type: 3}
  m_Name: 
  m_EditorClassIdentifier: 
  specialDeathSpriteMode: BoneAnimated
  particle: {fileID: 1408024394175752, guid: 3c2e11236030cf749a1fbb53a6e49da8, type: 3}
  particleHeal: {fileID: 732462998537170523, guid: 49d65a7b43a00ac4d8d9ed429535ff37,
    type: 3}
  deathSound: {fileID: 5616101573587828059, guid: dfb4588fbf97eea499bf51ba2f66fda2,
    type: 3}
  deathHead: {fileID: 7595127626498496134, guid: e8fa327fa83447c44b95537536ee2875,
    type: 3}
  deathRightArm: {fileID: 46950129421979109, guid: 6ad6fdc44567ada4daa4eeedbc0980b1,
    type: 3}
  deathLeftArm: {fileID: 6572021085298962305, guid: bde8aa600f92c8843aba1f041b29ef87,
    type: 3}
  deathRightLeg: {fileID: 3186575142535051812, guid: d5852b4823f7c184b8c89ffccb3e9c66,
    type: 3}
  deathLeftLeg: {fileID: 4685938763205149828, guid: 7b130949c20b7a84a91f57349f687413,
    type: 3}
  bloodiedEffect: {fileID: 5931749144170636937, guid: fb40a2ebde700624eaeffd0402911a81,
    type: 3}
  bloodiedEffectFront: {fileID: 5172504558561246718, guid: 42bd592214ccdc244b5acdd03e3a34e0,
    type: 3}
--- !u!95 &4961965287145103269
Animator:
  serializedVersion: 5
  m_ObjectHideFlags: 0
  m_CorrespondingSourceObject: {fileID: 0}
  m_PrefabInstance: {fileID: 0}
  m_PrefabAsset: {fileID: 0}
  m_GameObject: {fileID: 4961965287145103270}
  m_Enabled: 1
  m_Avatar: {fileID: 0}
  m_Controller: {fileID: 9100000, guid: e8306a09de8a15c4b81fc049579d8934, type: 2}
  m_CullingMode: 0
  m_UpdateMode: 0
  m_ApplyRootMotion: 0
  m_LinearVelocityBlending: 0
  m_StabilizeFeet: 0
  m_WarningMessage: 
  m_HasTransformHierarchy: 1
  m_AllowConstantClipSamplingOptimization: 1
  m_KeepAnimatorStateOnDisable: 0
  m_WriteDefaultValuesOnDisable: 0
--- !u!114 &4961965287145103268
MonoBehaviour:
  m_ObjectHideFlags: 0
  m_CorrespondingSourceObject: {fileID: 0}
  m_PrefabInstance: {fileID: 0}
  m_PrefabAsset: {fileID: 0}
  m_GameObject: {fileID: 4961965287145103270}
  m_Enabled: 1
  m_EditorHideFlags: 0
  m_Script: {fileID: 11500000, guid: 7db70e0ea77f5ac47a8f4565a9406397, type: 3}
  m_Name: 
  m_EditorClassIdentifier: 
  m_ShadowGroup: 0
  m_ComponentVersion: 1
  m_HasRenderer: 0
  m_UseRendererSilhouette: 1
  m_CastsShadows: 1
  m_SelfShadows: 0
  m_ApplyToSortingLayers: 00000000a12ef43143f85d82574d31ef
  m_ShapePath:
  - {x: -0.09966278, y: 0.29621887, z: 0}
  - {x: 0.15798187, y: 0.8870239, z: 0}
  - {x: 0.1453476, y: 1.5444794, z: 0}
  - {x: -0.054039, y: 2.2073364, z: 0}
  - {x: -0.2543869, y: 1.4973412, z: 0}
  - {x: -0.24663544, y: 1.2282562, z: 0}
  - {x: -0.23610687, y: 0.7431488, z: 0}
  m_ShapePathHash: 1272930471
  m_Mesh: {fileID: 0}
  m_InstanceId: 623896
  m_LocalBounds:
    m_Center: {x: 0, y: 0, z: 0}
    m_Extent: {x: 0, y: 0, z: 0}
--- !u!1 &4961965287259471170
GameObject:
  m_ObjectHideFlags: 0
  m_CorrespondingSourceObject: {fileID: 0}
  m_PrefabInstance: {fileID: 0}
  m_PrefabAsset: {fileID: 0}
  serializedVersion: 6
  m_Component:
  - component: {fileID: 4961965287259471171}
  m_Layer: 0
  m_Name: RightLegSolver2D_Target
  m_TagString: Untagged
  m_Icon: {fileID: 0}
  m_NavMeshLayer: 0
  m_StaticEditorFlags: 0
  m_IsActive: 1
--- !u!4 &4961965287259471171
Transform:
  m_ObjectHideFlags: 0
  m_CorrespondingSourceObject: {fileID: 0}
  m_PrefabInstance: {fileID: 0}
  m_PrefabAsset: {fileID: 0}
  m_GameObject: {fileID: 4961965287259471170}
  m_LocalRotation: {x: -0, y: -0, z: -0.08672639, w: 0.99623215}
  m_LocalPosition: {x: -3.04, y: 1.48, z: 0}
  m_LocalScale: {x: 4.6511626, y: 4.6511626, z: 4.6511626}
  m_ConstrainProportionsScale: 0
  m_Children: []
  m_Father: {fileID: 4961965286908113350}
  m_RootOrder: -1
  m_LocalEulerAnglesHint: {x: 0, y: 0, z: 0}
--- !u!1 &4961965287826813449
GameObject:
  m_ObjectHideFlags: 0
  m_CorrespondingSourceObject: {fileID: 0}
  m_PrefabInstance: {fileID: 0}
  m_PrefabAsset: {fileID: 0}
  serializedVersion: 6
  m_Component:
  - component: {fileID: 4961965287826813494}
  - component: {fileID: 4961965287826813495}
  m_Layer: 0
  m_Name: LeftLegSolver2D
  m_TagString: Untagged
  m_Icon: {fileID: 0}
  m_NavMeshLayer: 0
  m_StaticEditorFlags: 0
  m_IsActive: 1
--- !u!4 &4961965287826813494
Transform:
  m_ObjectHideFlags: 0
  m_CorrespondingSourceObject: {fileID: 0}
  m_PrefabInstance: {fileID: 0}
  m_PrefabAsset: {fileID: 0}
  m_GameObject: {fileID: 4961965287826813449}
  m_LocalRotation: {x: -0, y: -0, z: -0, w: 1}
  m_LocalPosition: {x: 0, y: 0, z: 0}
  m_LocalScale: {x: 1, y: 1, z: 1}
  m_ConstrainProportionsScale: 0
  m_Children:
  - {fileID: 4961965288397490626}
  m_Father: {fileID: 6049362518520098583}
  m_RootOrder: -1
  m_LocalEulerAnglesHint: {x: 0, y: 0, z: 0}
--- !u!114 &4961965287826813495
MonoBehaviour:
  m_ObjectHideFlags: 0
  m_CorrespondingSourceObject: {fileID: 0}
  m_PrefabInstance: {fileID: 0}
  m_PrefabAsset: {fileID: 0}
  m_GameObject: {fileID: 4961965287826813449}
  m_Enabled: 1
  m_EditorHideFlags: 0
  m_Script: {fileID: 11500000, guid: 30ae93fb156fc6d4c828c64571fc3edd, type: 3}
  m_Name: 
  m_EditorClassIdentifier: 
  m_ConstrainRotation: 1
  m_SolveFromDefaultPose: 1
  m_Weight: 1
  m_Chain:
    m_EffectorTransform: {fileID: 480061606237468959}
    m_TargetTransform: {fileID: 4961965288397490626}
    m_TransformCount: 3
    m_Transforms:
    - {fileID: 2017019387552732533}
    - {fileID: 5396763898907699746}
    - {fileID: 480061606237468959}
    m_DefaultLocalRotations:
    - {x: 0, y: -0, z: -0.9857879, w: 0.16799454}
    - {x: 0, y: 0, z: -0.25074294, w: 0.9680537}
    - {x: 0, y: 0, z: 0.8520677, w: 0.5234317}
    m_StoredLocalRotations:
    - {x: 0, y: 0, z: 0, w: 0}
    - {x: 0, y: 0, z: 0, w: 0}
    - {x: 0, y: 0, z: 0, w: 0}
  m_Flip: 0
--- !u!1 &4961965287992444102
GameObject:
  m_ObjectHideFlags: 0
  m_CorrespondingSourceObject: {fileID: 0}
  m_PrefabInstance: {fileID: 0}
  m_PrefabAsset: {fileID: 0}
  serializedVersion: 6
  m_Component:
  - component: {fileID: 4961965287992444103}
  - component: {fileID: 4961965287992444100}
  m_Layer: 0
  m_Name: LeftArmSolver2D
  m_TagString: Untagged
  m_Icon: {fileID: 0}
  m_NavMeshLayer: 0
  m_StaticEditorFlags: 0
  m_IsActive: 1
--- !u!4 &4961965287992444103
Transform:
  m_ObjectHideFlags: 0
  m_CorrespondingSourceObject: {fileID: 0}
  m_PrefabInstance: {fileID: 0}
  m_PrefabAsset: {fileID: 0}
  m_GameObject: {fileID: 4961965287992444102}
  m_LocalRotation: {x: -0, y: -0, z: -0, w: 1}
  m_LocalPosition: {x: 0, y: 0, z: 0}
  m_LocalScale: {x: 1, y: 1, z: 1}
  m_ConstrainProportionsScale: 0
  m_Children:
  - {fileID: 4961965288581830654}
  m_Father: {fileID: 6049362518520098583}
  m_RootOrder: -1
  m_LocalEulerAnglesHint: {x: 0, y: 0, z: 0}
--- !u!114 &4961965287992444100
MonoBehaviour:
  m_ObjectHideFlags: 0
  m_CorrespondingSourceObject: {fileID: 0}
  m_PrefabInstance: {fileID: 0}
  m_PrefabAsset: {fileID: 0}
  m_GameObject: {fileID: 4961965287992444102}
  m_Enabled: 1
  m_EditorHideFlags: 0
  m_Script: {fileID: 11500000, guid: 30ae93fb156fc6d4c828c64571fc3edd, type: 3}
  m_Name: 
  m_EditorClassIdentifier: 
  m_ConstrainRotation: 1
  m_SolveFromDefaultPose: 1
  m_Weight: 1
  m_Chain:
    m_EffectorTransform: {fileID: 4018138632593907153}
    m_TargetTransform: {fileID: 4961965288581830654}
    m_TransformCount: 3
    m_Transforms:
    - {fileID: 7005699056421867311}
    - {fileID: 2466143238602507532}
    - {fileID: 4018138632593907153}
    m_DefaultLocalRotations:
    - {x: 0, y: -0, z: -0.9490755, w: 0.3150487}
    - {x: 0, y: 0, z: -0.15401044, w: 0.98806924}
    - {x: 0, y: 0, z: 0.06281166, w: 0.9980255}
    m_StoredLocalRotations:
    - {x: 0, y: 0, z: 0, w: 0}
    - {x: 0, y: 0, z: 0, w: 0}
    - {x: 0, y: 0, z: 0, w: 0}
  m_Flip: 0
--- !u!1 &4961965288216280548
GameObject:
  m_ObjectHideFlags: 0
  m_CorrespondingSourceObject: {fileID: 0}
  m_PrefabInstance: {fileID: 0}
  m_PrefabAsset: {fileID: 0}
  serializedVersion: 6
  m_Component:
  - component: {fileID: 4961965288216280549}
  - component: {fileID: 4961965288216280546}
  m_Layer: 0
  m_Name: RightArmSolver2D
  m_TagString: Untagged
  m_Icon: {fileID: 0}
  m_NavMeshLayer: 0
  m_StaticEditorFlags: 0
  m_IsActive: 1
--- !u!4 &4961965288216280549
Transform:
  m_ObjectHideFlags: 0
  m_CorrespondingSourceObject: {fileID: 0}
  m_PrefabInstance: {fileID: 0}
  m_PrefabAsset: {fileID: 0}
  m_GameObject: {fileID: 4961965288216280548}
  m_LocalRotation: {x: -0, y: -0, z: -0, w: 1}
  m_LocalPosition: {x: 0, y: 0, z: 0}
  m_LocalScale: {x: 1, y: 1, z: 1}
  m_ConstrainProportionsScale: 0
  m_Children:
  - {fileID: 4961965286941423926}
  m_Father: {fileID: 6049362518520098583}
  m_RootOrder: -1
  m_LocalEulerAnglesHint: {x: 0, y: 0, z: 0}
--- !u!114 &4961965288216280546
MonoBehaviour:
  m_ObjectHideFlags: 0
  m_CorrespondingSourceObject: {fileID: 0}
  m_PrefabInstance: {fileID: 0}
  m_PrefabAsset: {fileID: 0}
  m_GameObject: {fileID: 4961965288216280548}
  m_Enabled: 1
  m_EditorHideFlags: 0
  m_Script: {fileID: 11500000, guid: 30ae93fb156fc6d4c828c64571fc3edd, type: 3}
  m_Name: 
  m_EditorClassIdentifier: 
  m_ConstrainRotation: 1
  m_SolveFromDefaultPose: 1
  m_Weight: 1
  m_Chain:
    m_EffectorTransform: {fileID: 4767139474215811288}
    m_TargetTransform: {fileID: 4961965286941423926}
    m_TransformCount: 3
    m_Transforms:
    - {fileID: 5621293997553430255}
    - {fileID: 7817661308120599546}
    - {fileID: 4767139474215811288}
    m_DefaultLocalRotations:
    - {x: 0, y: -0, z: 0.9718087, w: 0.23577082}
    - {x: 0, y: 0, z: 0.3257574, w: 0.9454534}
    - {x: 0, y: 0, z: 0.029994044, w: 0.9995501}
    m_StoredLocalRotations:
    - {x: 0, y: 0, z: 0, w: 0}
    - {x: 0, y: 0, z: 0, w: 0}
    - {x: 0, y: 0, z: 0, w: 0}
  m_Flip: 1
--- !u!1 &4961965288397490629
GameObject:
  m_ObjectHideFlags: 0
  m_CorrespondingSourceObject: {fileID: 0}
  m_PrefabInstance: {fileID: 0}
  m_PrefabAsset: {fileID: 0}
  serializedVersion: 6
  m_Component:
  - component: {fileID: 4961965288397490626}
  m_Layer: 0
  m_Name: LeftLegSolver2D_Target
  m_TagString: Untagged
  m_Icon: {fileID: 0}
  m_NavMeshLayer: 0
  m_StaticEditorFlags: 0
  m_IsActive: 1
--- !u!4 &4961965288397490626
Transform:
  m_ObjectHideFlags: 0
  m_CorrespondingSourceObject: {fileID: 0}
  m_PrefabInstance: {fileID: 0}
  m_PrefabAsset: {fileID: 0}
  m_GameObject: {fileID: 4961965288397490629}
  m_LocalRotation: {x: -0, y: -0, z: -0.007935643, w: 0.9999685}
  m_LocalPosition: {x: -0.65, y: 1.58, z: 0}
  m_LocalScale: {x: 4.6511626, y: 4.6511626, z: 4.6511626}
  m_ConstrainProportionsScale: 0
  m_Children: []
  m_Father: {fileID: 4961965287826813494}
  m_RootOrder: -1
  m_LocalEulerAnglesHint: {x: 0, y: 0, z: 0}
--- !u!1 &4961965288581830641
GameObject:
  m_ObjectHideFlags: 0
  m_CorrespondingSourceObject: {fileID: 0}
  m_PrefabInstance: {fileID: 0}
  m_PrefabAsset: {fileID: 0}
  serializedVersion: 6
  m_Component:
  - component: {fileID: 4961965288581830654}
  m_Layer: 0
  m_Name: LeftArmSolver2D_Target
  m_TagString: Untagged
  m_Icon: {fileID: 0}
  m_NavMeshLayer: 0
  m_StaticEditorFlags: 0
  m_IsActive: 1
--- !u!4 &4961965288581830654
Transform:
  m_ObjectHideFlags: 0
  m_CorrespondingSourceObject: {fileID: 0}
  m_PrefabInstance: {fileID: 0}
  m_PrefabAsset: {fileID: 0}
  m_GameObject: {fileID: 4961965288581830641}
  m_LocalRotation: {x: -0, y: -0, z: -0.6324707, w: 0.77458435}
  m_LocalPosition: {x: 1.02, y: 5.19, z: 0}
  m_LocalScale: {x: 4.6511626, y: 4.6511626, z: 4.6511626}
  m_ConstrainProportionsScale: 0
  m_Children: []
  m_Father: {fileID: 4961965287992444103}
  m_RootOrder: -1
  m_LocalEulerAnglesHint: {x: 0, y: 0, z: 0}
--- !u!1 &6970736029933043069
GameObject:
  m_ObjectHideFlags: 0
  m_CorrespondingSourceObject: {fileID: 0}
  m_PrefabInstance: {fileID: 0}
  m_PrefabAsset: {fileID: 0}
  serializedVersion: 6
  m_Component:
  - component: {fileID: 7022806653866381649}
  m_Layer: 0
  m_Name: RightGuardingPosition
  m_TagString: Untagged
  m_Icon: {fileID: 3443629218296621865, guid: 0000000000000000d000000000000000, type: 0}
  m_NavMeshLayer: 0
  m_StaticEditorFlags: 0
  m_IsActive: 1
--- !u!4 &7022806653866381649
Transform:
  m_ObjectHideFlags: 0
  m_CorrespondingSourceObject: {fileID: 0}
  m_PrefabInstance: {fileID: 0}
  m_PrefabAsset: {fileID: 0}
  m_GameObject: {fileID: 6970736029933043069}
  m_LocalRotation: {x: 0, y: 0, z: 0, w: 1}
  m_LocalPosition: {x: 0.457, y: 1.173, z: 0}
  m_LocalScale: {x: 1, y: 1, z: 1}
  m_ConstrainProportionsScale: 0
  m_Children: []
  m_Father: {fileID: 3453260141183508104}
  m_RootOrder: -1
  m_LocalEulerAnglesHint: {x: 0, y: 0, z: 0}
--- !u!1 &8578002683933785643
GameObject:
  m_ObjectHideFlags: 0
  m_CorrespondingSourceObject: {fileID: 0}
  m_PrefabInstance: {fileID: 0}
  m_PrefabAsset: {fileID: 0}
  serializedVersion: 6
  m_Component:
  - component: {fileID: 3453260141183508104}
  m_Layer: 0
  m_Name: Sensors
  m_TagString: Untagged
  m_Icon: {fileID: 0}
  m_NavMeshLayer: 0
  m_StaticEditorFlags: 0
  m_IsActive: 1
--- !u!4 &3453260141183508104
Transform:
  m_ObjectHideFlags: 0
  m_CorrespondingSourceObject: {fileID: 0}
  m_PrefabInstance: {fileID: 0}
  m_PrefabAsset: {fileID: 0}
  m_GameObject: {fileID: 8578002683933785643}
  m_LocalRotation: {x: 0, y: 0, z: 0, w: 1}
  m_LocalPosition: {x: 0, y: 0, z: 0}
  m_LocalScale: {x: 1, y: 1, z: 1}
  m_ConstrainProportionsScale: 0
  m_Children:
  - {fileID: 307379844589856874}
  - {fileID: 7022806653866381649}
  m_Father: {fileID: 4961965287145103271}
  m_RootOrder: -1
  m_LocalEulerAnglesHint: {x: 0, y: 0, z: 0}
--- !u!1001 &3089491383476896768
PrefabInstance:
  m_ObjectHideFlags: 0
  serializedVersion: 2
  m_Modification:
    serializedVersion: 3
    m_TransformParent: {fileID: 4961965287145103271}
    m_Modifications:
    - target: {fileID: 2387492937509161415, guid: 454db0e909d7c4747ba6dce8dc1f46bf,
        type: 3}
      propertyPath: m_RootOrder
      value: 0
      objectReference: {fileID: 0}
    - target: {fileID: 2387492937509161415, guid: 454db0e909d7c4747ba6dce8dc1f46bf,
        type: 3}
      propertyPath: m_LocalPosition.x
      value: 0.5
      objectReference: {fileID: 0}
    - target: {fileID: 2387492937509161415, guid: 454db0e909d7c4747ba6dce8dc1f46bf,
        type: 3}
      propertyPath: m_LocalPosition.y
      value: 1.1749992
      objectReference: {fileID: 0}
    - target: {fileID: 2387492937509161415, guid: 454db0e909d7c4747ba6dce8dc1f46bf,
        type: 3}
      propertyPath: m_LocalPosition.z
      value: 0
      objectReference: {fileID: 0}
    - target: {fileID: 2387492937509161415, guid: 454db0e909d7c4747ba6dce8dc1f46bf,
        type: 3}
      propertyPath: m_LocalRotation.w
      value: 1
      objectReference: {fileID: 0}
    - target: {fileID: 2387492937509161415, guid: 454db0e909d7c4747ba6dce8dc1f46bf,
        type: 3}
      propertyPath: m_LocalRotation.x
      value: 0
      objectReference: {fileID: 0}
    - target: {fileID: 2387492937509161415, guid: 454db0e909d7c4747ba6dce8dc1f46bf,
        type: 3}
      propertyPath: m_LocalRotation.y
      value: 0
      objectReference: {fileID: 0}
    - target: {fileID: 2387492937509161415, guid: 454db0e909d7c4747ba6dce8dc1f46bf,
        type: 3}
      propertyPath: m_LocalRotation.z
      value: 0
      objectReference: {fileID: 0}
    - target: {fileID: 2387492937509161415, guid: 454db0e909d7c4747ba6dce8dc1f46bf,
        type: 3}
      propertyPath: m_LocalEulerAnglesHint.x
      value: 0
      objectReference: {fileID: 0}
    - target: {fileID: 2387492937509161415, guid: 454db0e909d7c4747ba6dce8dc1f46bf,
        type: 3}
      propertyPath: m_LocalEulerAnglesHint.y
      value: 0
      objectReference: {fileID: 0}
    - target: {fileID: 2387492937509161415, guid: 454db0e909d7c4747ba6dce8dc1f46bf,
        type: 3}
      propertyPath: m_LocalEulerAnglesHint.z
      value: 0
      objectReference: {fileID: 0}
    - target: {fileID: 2393633238562108533, guid: 454db0e909d7c4747ba6dce8dc1f46bf,
        type: 3}
      propertyPath: m_Name
      value: PartikelDeathSmall Variant (2)
      objectReference: {fileID: 0}
    - target: {fileID: 2393633238562108533, guid: 454db0e909d7c4747ba6dce8dc1f46bf,
        type: 3}
      propertyPath: m_IsActive
      value: 0
      objectReference: {fileID: 0}
    m_RemovedComponents: []
    m_RemovedGameObjects: []
    m_AddedGameObjects: []
    m_AddedComponents: []
  m_SourcePrefab: {fileID: 100100000, guid: 454db0e909d7c4747ba6dce8dc1f46bf, type: 3}
--- !u!4 &847239844101459399 stripped
Transform:
  m_CorrespondingSourceObject: {fileID: 2387492937509161415, guid: 454db0e909d7c4747ba6dce8dc1f46bf,
    type: 3}
  m_PrefabInstance: {fileID: 3089491383476896768}
  m_PrefabAsset: {fileID: 0}
--- !u!1001 &4940328704340931085
PrefabInstance:
  m_ObjectHideFlags: 0
  serializedVersion: 2
  m_Modification:
    serializedVersion: 3
    m_TransformParent: {fileID: 4961965287145103271}
    m_Modifications:
    - target: {fileID: 1888443377483475974, guid: 77a4fb7b36303c84ead53dbe658628ee,
        type: 3}
      propertyPath: m_RootOrder
      value: -1
      objectReference: {fileID: 0}
    - target: {fileID: 1888443377483475974, guid: 77a4fb7b36303c84ead53dbe658628ee,
        type: 3}
      propertyPath: m_LocalPosition.x
      value: -0.04
      objectReference: {fileID: 0}
    - target: {fileID: 1888443377483475974, guid: 77a4fb7b36303c84ead53dbe658628ee,
        type: 3}
      propertyPath: m_LocalPosition.y
      value: 1.26
      objectReference: {fileID: 0}
    - target: {fileID: 1888443377483475974, guid: 77a4fb7b36303c84ead53dbe658628ee,
        type: 3}
      propertyPath: m_LocalPosition.z
      value: 0
      objectReference: {fileID: 0}
    - target: {fileID: 1888443377483475974, guid: 77a4fb7b36303c84ead53dbe658628ee,
        type: 3}
      propertyPath: m_LocalRotation.w
      value: 1
      objectReference: {fileID: 0}
    - target: {fileID: 1888443377483475974, guid: 77a4fb7b36303c84ead53dbe658628ee,
        type: 3}
      propertyPath: m_LocalRotation.x
      value: 0
      objectReference: {fileID: 0}
    - target: {fileID: 1888443377483475974, guid: 77a4fb7b36303c84ead53dbe658628ee,
        type: 3}
      propertyPath: m_LocalRotation.y
      value: 0
      objectReference: {fileID: 0}
    - target: {fileID: 1888443377483475974, guid: 77a4fb7b36303c84ead53dbe658628ee,
        type: 3}
      propertyPath: m_LocalRotation.z
      value: 0
      objectReference: {fileID: 0}
    - target: {fileID: 1888443377483475974, guid: 77a4fb7b36303c84ead53dbe658628ee,
        type: 3}
      propertyPath: m_LocalEulerAnglesHint.x
      value: 0
      objectReference: {fileID: 0}
    - target: {fileID: 1888443377483475974, guid: 77a4fb7b36303c84ead53dbe658628ee,
        type: 3}
      propertyPath: m_LocalEulerAnglesHint.y
      value: 0
      objectReference: {fileID: 0}
    - target: {fileID: 1888443377483475974, guid: 77a4fb7b36303c84ead53dbe658628ee,
        type: 3}
      propertyPath: m_LocalEulerAnglesHint.z
      value: 0
      objectReference: {fileID: 0}
    - target: {fileID: 2048869504771466402, guid: 77a4fb7b36303c84ead53dbe658628ee,
        type: 3}
      propertyPath: m_Name
      value: ForegroundMask
      objectReference: {fileID: 0}
    m_RemovedComponents: []
    m_RemovedGameObjects: []
    m_AddedGameObjects: []
    m_AddedComponents: []
  m_SourcePrefab: {fileID: 100100000, guid: 77a4fb7b36303c84ead53dbe658628ee, type: 3}
--- !u!4 &6825922078252686859 stripped
Transform:
  m_CorrespondingSourceObject: {fileID: 1888443377483475974, guid: 77a4fb7b36303c84ead53dbe658628ee,
    type: 3}
  m_PrefabInstance: {fileID: 4940328704340931085}
  m_PrefabAsset: {fileID: 0}
--- !u!1001 &4961965288886507209
PrefabInstance:
  m_ObjectHideFlags: 0
  serializedVersion: 2
  m_Modification:
    serializedVersion: 3
    m_TransformParent: {fileID: 4961965287145103271}
    m_Modifications:
    - target: {fileID: -9115445193352575995, guid: b6a1f64f77d9d9d458e280e2cf3ca88f,
        type: 3}
      propertyPath: m_Bounds.m_Center.x
      value: -0.00094002485
      objectReference: {fileID: 0}
    - target: {fileID: -9115445193352575995, guid: b6a1f64f77d9d9d458e280e2cf3ca88f,
        type: 3}
      propertyPath: m_Bounds.m_Center.y
      value: 0.00057031214
      objectReference: {fileID: 0}
    - target: {fileID: -9115445193352575995, guid: b6a1f64f77d9d9d458e280e2cf3ca88f,
        type: 3}
      propertyPath: m_Bounds.m_Extent.x
      value: 0.5040601
      objectReference: {fileID: 0}
    - target: {fileID: -9115445193352575995, guid: b6a1f64f77d9d9d458e280e2cf3ca88f,
        type: 3}
      propertyPath: m_Bounds.m_Extent.y
      value: 0.23444512
      objectReference: {fileID: 0}
    - target: {fileID: -9049914658162106428, guid: b6a1f64f77d9d9d458e280e2cf3ca88f,
        type: 3}
      propertyPath: m_Name
      value: Mouth
      objectReference: {fileID: 0}
    - target: {fileID: -8722283649178391023, guid: b6a1f64f77d9d9d458e280e2cf3ca88f,
        type: 3}
      propertyPath: m_LocalRotation.w
      value: 0.9902855
      objectReference: {fileID: 0}
    - target: {fileID: -8722283649178391023, guid: b6a1f64f77d9d9d458e280e2cf3ca88f,
        type: 3}
      propertyPath: m_LocalRotation.x
      value: -0
      objectReference: {fileID: 0}
    - target: {fileID: -8722283649178391023, guid: b6a1f64f77d9d9d458e280e2cf3ca88f,
        type: 3}
      propertyPath: m_LocalRotation.y
      value: -0
      objectReference: {fileID: 0}
    - target: {fileID: -8722283649178391023, guid: b6a1f64f77d9d9d458e280e2cf3ca88f,
        type: 3}
      propertyPath: m_LocalRotation.z
      value: 0.1390493
      objectReference: {fileID: 0}
    - target: {fileID: -8661104362069907886, guid: b6a1f64f77d9d9d458e280e2cf3ca88f,
        type: 3}
      propertyPath: m_Bounds.m_Center.x
      value: 0.43199703
      objectReference: {fileID: 0}
    - target: {fileID: -8661104362069907886, guid: b6a1f64f77d9d9d458e280e2cf3ca88f,
        type: 3}
      propertyPath: m_Bounds.m_Center.y
      value: -0.4393191
      objectReference: {fileID: 0}
    - target: {fileID: -8661104362069907886, guid: b6a1f64f77d9d9d458e280e2cf3ca88f,
        type: 3}
      propertyPath: m_Bounds.m_Extent.x
      value: 0.6219068
      objectReference: {fileID: 0}
    - target: {fileID: -8661104362069907886, guid: b6a1f64f77d9d9d458e280e2cf3ca88f,
        type: 3}
      propertyPath: m_Bounds.m_Extent.y
      value: 0.41416696
      objectReference: {fileID: 0}
    - target: {fileID: -8653719598885068355, guid: b6a1f64f77d9d9d458e280e2cf3ca88f,
        type: 3}
      propertyPath: m_Name
      value: BanditBertExport
      objectReference: {fileID: 0}
    - target: {fileID: -8440123691532863450, guid: b6a1f64f77d9d9d458e280e2cf3ca88f,
        type: 3}
      propertyPath: m_LocalRotation.w
      value: 0.29958683
      objectReference: {fileID: 0}
    - target: {fileID: -8440123691532863450, guid: b6a1f64f77d9d9d458e280e2cf3ca88f,
        type: 3}
      propertyPath: m_LocalRotation.y
      value: 0
      objectReference: {fileID: 0}
    - target: {fileID: -8440123691532863450, guid: b6a1f64f77d9d9d458e280e2cf3ca88f,
        type: 3}
      propertyPath: m_LocalRotation.z
      value: 0.9540691
      objectReference: {fileID: 0}
    - target: {fileID: -7552582706839291426, guid: b6a1f64f77d9d9d458e280e2cf3ca88f,
        type: 3}
      propertyPath: m_RootOrder
      value: -1
      objectReference: {fileID: 0}
    - target: {fileID: -7552582706839291426, guid: b6a1f64f77d9d9d458e280e2cf3ca88f,
        type: 3}
      propertyPath: m_LocalScale.x
      value: 0.215
      objectReference: {fileID: 0}
    - target: {fileID: -7552582706839291426, guid: b6a1f64f77d9d9d458e280e2cf3ca88f,
        type: 3}
      propertyPath: m_LocalScale.y
      value: 0.215
      objectReference: {fileID: 0}
    - target: {fileID: -7552582706839291426, guid: b6a1f64f77d9d9d458e280e2cf3ca88f,
        type: 3}
      propertyPath: m_LocalScale.z
      value: 0.215
      objectReference: {fileID: 0}
    - target: {fileID: -7552582706839291426, guid: b6a1f64f77d9d9d458e280e2cf3ca88f,
        type: 3}
      propertyPath: m_LocalPosition.x
      value: 0
      objectReference: {fileID: 0}
    - target: {fileID: -7552582706839291426, guid: b6a1f64f77d9d9d458e280e2cf3ca88f,
        type: 3}
      propertyPath: m_LocalPosition.y
      value: 0
      objectReference: {fileID: 0}
    - target: {fileID: -7552582706839291426, guid: b6a1f64f77d9d9d458e280e2cf3ca88f,
        type: 3}
      propertyPath: m_LocalPosition.z
      value: 0
      objectReference: {fileID: 0}
    - target: {fileID: -7552582706839291426, guid: b6a1f64f77d9d9d458e280e2cf3ca88f,
        type: 3}
      propertyPath: m_LocalRotation.w
      value: 1
      objectReference: {fileID: 0}
    - target: {fileID: -7552582706839291426, guid: b6a1f64f77d9d9d458e280e2cf3ca88f,
        type: 3}
      propertyPath: m_LocalRotation.x
      value: -0
      objectReference: {fileID: 0}
    - target: {fileID: -7552582706839291426, guid: b6a1f64f77d9d9d458e280e2cf3ca88f,
        type: 3}
      propertyPath: m_LocalRotation.y
      value: -0
      objectReference: {fileID: 0}
    - target: {fileID: -7552582706839291426, guid: b6a1f64f77d9d9d458e280e2cf3ca88f,
        type: 3}
      propertyPath: m_LocalRotation.z
      value: -0
      objectReference: {fileID: 0}
    - target: {fileID: -7552582706839291426, guid: b6a1f64f77d9d9d458e280e2cf3ca88f,
        type: 3}
      propertyPath: m_LocalEulerAnglesHint.x
      value: 0
      objectReference: {fileID: 0}
    - target: {fileID: -7552582706839291426, guid: b6a1f64f77d9d9d458e280e2cf3ca88f,
        type: 3}
      propertyPath: m_LocalEulerAnglesHint.y
      value: 0
      objectReference: {fileID: 0}
    - target: {fileID: -7552582706839291426, guid: b6a1f64f77d9d9d458e280e2cf3ca88f,
        type: 3}
      propertyPath: m_LocalEulerAnglesHint.z
      value: 0
      objectReference: {fileID: 0}
    - target: {fileID: -7552582706839291426, guid: b6a1f64f77d9d9d458e280e2cf3ca88f,
        type: 3}
      propertyPath: m_ConstrainProportionsScale
      value: 1
      objectReference: {fileID: 0}
    - target: {fileID: -6492696360017028634, guid: b6a1f64f77d9d9d458e280e2cf3ca88f,
        type: 3}
      propertyPath: m_LocalRotation.w
      value: 0.4039439
      objectReference: {fileID: 0}
    - target: {fileID: -6492696360017028634, guid: b6a1f64f77d9d9d458e280e2cf3ca88f,
        type: 3}
      propertyPath: m_LocalRotation.y
      value: 0
      objectReference: {fileID: 0}
    - target: {fileID: -6492696360017028634, guid: b6a1f64f77d9d9d458e280e2cf3ca88f,
        type: 3}
      propertyPath: m_LocalRotation.z
      value: -0.9147838
      objectReference: {fileID: 0}
    - target: {fileID: -6295582949194719949, guid: b6a1f64f77d9d9d458e280e2cf3ca88f,
        type: 3}
      propertyPath: m_LocalRotation.w
      value: 0.9586553
      objectReference: {fileID: 0}
    - target: {fileID: -6295582949194719949, guid: b6a1f64f77d9d9d458e280e2cf3ca88f,
        type: 3}
      propertyPath: m_LocalRotation.z
      value: 0.28457
      objectReference: {fileID: 0}
    - target: {fileID: -6181168830428826155, guid: b6a1f64f77d9d9d458e280e2cf3ca88f,
        type: 3}
      propertyPath: m_IsActive
      value: 0
      objectReference: {fileID: 0}
    - target: {fileID: -6125093620063825041, guid: b6a1f64f77d9d9d458e280e2cf3ca88f,
        type: 3}
      propertyPath: m_IsActive
      value: 0
      objectReference: {fileID: 0}
    - target: {fileID: -6037749222303779671, guid: b6a1f64f77d9d9d458e280e2cf3ca88f,
        type: 3}
      propertyPath: m_Name
      value: Eyes
      objectReference: {fileID: 0}
    - target: {fileID: -6002098532345090102, guid: b6a1f64f77d9d9d458e280e2cf3ca88f,
        type: 3}
      propertyPath: m_Bounds.m_Center.x
      value: -0.21085185
      objectReference: {fileID: 0}
    - target: {fileID: -6002098532345090102, guid: b6a1f64f77d9d9d458e280e2cf3ca88f,
        type: 3}
      propertyPath: m_Bounds.m_Center.y
      value: 0.25570148
      objectReference: {fileID: 0}
    - target: {fileID: -6002098532345090102, guid: b6a1f64f77d9d9d458e280e2cf3ca88f,
        type: 3}
      propertyPath: m_Bounds.m_Extent.x
      value: 0.51456106
      objectReference: {fileID: 0}
    - target: {fileID: -6002098532345090102, guid: b6a1f64f77d9d9d458e280e2cf3ca88f,
        type: 3}
      propertyPath: m_Bounds.m_Extent.y
      value: 0.99126416
      objectReference: {fileID: 0}
    - target: {fileID: -5371361662067852789, guid: b6a1f64f77d9d9d458e280e2cf3ca88f,
        type: 3}
      propertyPath: m_Bounds.m_Center.x
      value: 0.003630042
      objectReference: {fileID: 0}
    - target: {fileID: -5371361662067852789, guid: b6a1f64f77d9d9d458e280e2cf3ca88f,
        type: 3}
      propertyPath: m_Bounds.m_Center.y
      value: 0.00257501
      objectReference: {fileID: 0}
    - target: {fileID: -5371361662067852789, guid: b6a1f64f77d9d9d458e280e2cf3ca88f,
        type: 3}
      propertyPath: m_Bounds.m_Extent.x
      value: 0.56427014
      objectReference: {fileID: 0}
    - target: {fileID: -5371361662067852789, guid: b6a1f64f77d9d9d458e280e2cf3ca88f,
        type: 3}
      propertyPath: m_Bounds.m_Extent.y
      value: 0.2824251
      objectReference: {fileID: 0}
    - target: {fileID: -5302599412745359128, guid: b6a1f64f77d9d9d458e280e2cf3ca88f,
        type: 3}
      propertyPath: m_IsActive
      value: 0
      objectReference: {fileID: 0}
    - target: {fileID: -5048641058649839749, guid: b6a1f64f77d9d9d458e280e2cf3ca88f,
        type: 3}
      propertyPath: m_IsActive
      value: 0
      objectReference: {fileID: 0}
    - target: {fileID: -3921777709951419718, guid: b6a1f64f77d9d9d458e280e2cf3ca88f,
        type: 3}
      propertyPath: m_Bounds.m_Center.x
      value: -0.0027299523
      objectReference: {fileID: 0}
    - target: {fileID: -3921777709951419718, guid: b6a1f64f77d9d9d458e280e2cf3ca88f,
        type: 3}
      propertyPath: m_Bounds.m_Center.y
      value: 0.0011350513
      objectReference: {fileID: 0}
    - target: {fileID: -3921777709951419718, guid: b6a1f64f77d9d9d458e280e2cf3ca88f,
        type: 3}
      propertyPath: m_Bounds.m_Extent.x
      value: 0.6325902
      objectReference: {fileID: 0}
    - target: {fileID: -3921777709951419718, guid: b6a1f64f77d9d9d458e280e2cf3ca88f,
        type: 3}
      propertyPath: m_Bounds.m_Extent.y
      value: 0.4482852
      objectReference: {fileID: 0}
    - target: {fileID: -3002955170671353528, guid: b6a1f64f77d9d9d458e280e2cf3ca88f,
        type: 3}
      propertyPath: m_IsActive
      value: 0
      objectReference: {fileID: 0}
    - target: {fileID: -2655528081801793505, guid: b6a1f64f77d9d9d458e280e2cf3ca88f,
        type: 3}
      propertyPath: m_Sprite
      value: 
      objectReference: {fileID: 1570401604894386394, guid: b6a1f64f77d9d9d458e280e2cf3ca88f,
        type: 3}
    - target: {fileID: -2368447750744439876, guid: b6a1f64f77d9d9d458e280e2cf3ca88f,
        type: 3}
      propertyPath: m_LocalRotation.w
      value: 0.21981974
      objectReference: {fileID: 0}
    - target: {fileID: -2368447750744439876, guid: b6a1f64f77d9d9d458e280e2cf3ca88f,
        type: 3}
      propertyPath: m_LocalRotation.y
      value: 0
      objectReference: {fileID: 0}
    - target: {fileID: -2368447750744439876, guid: b6a1f64f77d9d9d458e280e2cf3ca88f,
        type: 3}
      propertyPath: m_LocalRotation.z
      value: -0.9755406
      objectReference: {fileID: 0}
    - target: {fileID: -2229104304866787860, guid: b6a1f64f77d9d9d458e280e2cf3ca88f,
        type: 3}
      propertyPath: m_Bounds.m_Center.x
      value: 0.003399998
      objectReference: {fileID: 0}
    - target: {fileID: -2229104304866787860, guid: b6a1f64f77d9d9d458e280e2cf3ca88f,
        type: 3}
      propertyPath: m_Bounds.m_Center.y
      value: 0.0053902417
      objectReference: {fileID: 0}
    - target: {fileID: -2229104304866787860, guid: b6a1f64f77d9d9d458e280e2cf3ca88f,
        type: 3}
      propertyPath: m_Bounds.m_Extent.y
      value: 0.1396251
      objectReference: {fileID: 0}
    - target: {fileID: -2085563122371215124, guid: b6a1f64f77d9d9d458e280e2cf3ca88f,
        type: 3}
      propertyPath: m_Bounds.m_Center.x
      value: -0.5621244
      objectReference: {fileID: 0}
    - target: {fileID: -2085563122371215124, guid: b6a1f64f77d9d9d458e280e2cf3ca88f,
        type: 3}
      propertyPath: m_Bounds.m_Center.y
      value: 0.40330747
      objectReference: {fileID: 0}
    - target: {fileID: -2085563122371215124, guid: b6a1f64f77d9d9d458e280e2cf3ca88f,
        type: 3}
      propertyPath: m_Bounds.m_Extent.x
      value: 0.10851623
      objectReference: {fileID: 0}
    - target: {fileID: -2085563122371215124, guid: b6a1f64f77d9d9d458e280e2cf3ca88f,
        type: 3}
      propertyPath: m_Bounds.m_Extent.y
      value: 0.30488032
      objectReference: {fileID: 0}
    - target: {fileID: -1808774596753337403, guid: b6a1f64f77d9d9d458e280e2cf3ca88f,
        type: 3}
      propertyPath: m_LocalRotation.w
      value: 0.77519065
      objectReference: {fileID: 0}
    - target: {fileID: -1808774596753337403, guid: b6a1f64f77d9d9d458e280e2cf3ca88f,
        type: 3}
      propertyPath: m_LocalRotation.z
      value: -0.63172746
      objectReference: {fileID: 0}
    - target: {fileID: -1635091714827847355, guid: b6a1f64f77d9d9d458e280e2cf3ca88f,
        type: 3}
      propertyPath: m_Bounds.m_Center.x
      value: -0.64208275
      objectReference: {fileID: 0}
    - target: {fileID: -1635091714827847355, guid: b6a1f64f77d9d9d458e280e2cf3ca88f,
        type: 3}
      propertyPath: m_Bounds.m_Center.y
      value: 0.45196497
      objectReference: {fileID: 0}
    - target: {fileID: -1635091714827847355, guid: b6a1f64f77d9d9d458e280e2cf3ca88f,
        type: 3}
      propertyPath: m_Bounds.m_Extent.x
      value: 0.64460963
      objectReference: {fileID: 0}
    - target: {fileID: -1635091714827847355, guid: b6a1f64f77d9d9d458e280e2cf3ca88f,
        type: 3}
      propertyPath: m_Bounds.m_Extent.y
      value: 0.2949524
      objectReference: {fileID: 0}
    - target: {fileID: -927958196252931304, guid: b6a1f64f77d9d9d458e280e2cf3ca88f,
        type: 3}
      propertyPath: m_LocalRotation.w
      value: 0.87916434
      objectReference: {fileID: 0}
    - target: {fileID: -927958196252931304, guid: b6a1f64f77d9d9d458e280e2cf3ca88f,
        type: 3}
      propertyPath: m_LocalRotation.x
      value: -0
      objectReference: {fileID: 0}
    - target: {fileID: -927958196252931304, guid: b6a1f64f77d9d9d458e280e2cf3ca88f,
        type: 3}
      propertyPath: m_LocalRotation.y
      value: -0
      objectReference: {fileID: 0}
    - target: {fileID: -927958196252931304, guid: b6a1f64f77d9d9d458e280e2cf3ca88f,
        type: 3}
      propertyPath: m_LocalRotation.z
      value: 0.4765188
      objectReference: {fileID: 0}
    - target: {fileID: 282875388449777222, guid: b6a1f64f77d9d9d458e280e2cf3ca88f,
        type: 3}
      propertyPath: m_Bounds.m_Center.x
      value: -0.87560344
      objectReference: {fileID: 0}
    - target: {fileID: 282875388449777222, guid: b6a1f64f77d9d9d458e280e2cf3ca88f,
        type: 3}
      propertyPath: m_Bounds.m_Center.y
      value: 0.44756183
      objectReference: {fileID: 0}
    - target: {fileID: 282875388449777222, guid: b6a1f64f77d9d9d458e280e2cf3ca88f,
        type: 3}
      propertyPath: m_Bounds.m_Extent.x
      value: 0.64970565
      objectReference: {fileID: 0}
    - target: {fileID: 282875388449777222, guid: b6a1f64f77d9d9d458e280e2cf3ca88f,
        type: 3}
      propertyPath: m_Bounds.m_Extent.y
      value: 0.333991
      objectReference: {fileID: 0}
    - target: {fileID: 395982831964303568, guid: b6a1f64f77d9d9d458e280e2cf3ca88f,
        type: 3}
      propertyPath: m_LocalRotation.w
      value: 1
      objectReference: {fileID: 0}
    - target: {fileID: 395982831964303568, guid: b6a1f64f77d9d9d458e280e2cf3ca88f,
        type: 3}
      propertyPath: m_LocalRotation.z
      value: -0.0000004352908
      objectReference: {fileID: 0}
    - target: {fileID: 515434956645405592, guid: b6a1f64f77d9d9d458e280e2cf3ca88f,
        type: 3}
      propertyPath: m_Bounds.m_Center.x
      value: -0.0020554662
      objectReference: {fileID: 0}
    - target: {fileID: 515434956645405592, guid: b6a1f64f77d9d9d458e280e2cf3ca88f,
        type: 3}
      propertyPath: m_Bounds.m_Center.y
      value: 0.010030538
      objectReference: {fileID: 0}
    - target: {fileID: 515434956645405592, guid: b6a1f64f77d9d9d458e280e2cf3ca88f,
        type: 3}
      propertyPath: m_Bounds.m_Extent.x
      value: 0.6629752
      objectReference: {fileID: 0}
    - target: {fileID: 515434956645405592, guid: b6a1f64f77d9d9d458e280e2cf3ca88f,
        type: 3}
      propertyPath: m_Bounds.m_Extent.y
      value: 0.23000017
      objectReference: {fileID: 0}
    - target: {fileID: 630320691568572761, guid: b6a1f64f77d9d9d458e280e2cf3ca88f,
        type: 3}
      propertyPath: m_Bounds.m_Center.x
      value: -0.073886395
      objectReference: {fileID: 0}
    - target: {fileID: 630320691568572761, guid: b6a1f64f77d9d9d458e280e2cf3ca88f,
        type: 3}
      propertyPath: m_Bounds.m_Center.y
      value: 0.023510754
      objectReference: {fileID: 0}
    - target: {fileID: 630320691568572761, guid: b6a1f64f77d9d9d458e280e2cf3ca88f,
        type: 3}
      propertyPath: m_Bounds.m_Extent.x
      value: 1.0192451
      objectReference: {fileID: 0}
    - target: {fileID: 630320691568572761, guid: b6a1f64f77d9d9d458e280e2cf3ca88f,
        type: 3}
      propertyPath: m_Bounds.m_Extent.y
      value: 0.8751222
      objectReference: {fileID: 0}
    - target: {fileID: 685852582110939244, guid: b6a1f64f77d9d9d458e280e2cf3ca88f,
        type: 3}
      propertyPath: m_Bounds.m_Center.x
      value: -0.36251605
      objectReference: {fileID: 0}
    - target: {fileID: 685852582110939244, guid: b6a1f64f77d9d9d458e280e2cf3ca88f,
        type: 3}
      propertyPath: m_Bounds.m_Center.y
      value: 0.20951337
      objectReference: {fileID: 0}
    - target: {fileID: 685852582110939244, guid: b6a1f64f77d9d9d458e280e2cf3ca88f,
        type: 3}
      propertyPath: m_Bounds.m_Extent.x
      value: 1.038255
      objectReference: {fileID: 0}
    - target: {fileID: 685852582110939244, guid: b6a1f64f77d9d9d458e280e2cf3ca88f,
        type: 3}
      propertyPath: m_Bounds.m_Extent.y
      value: 0.5450001
      objectReference: {fileID: 0}
    - target: {fileID: 818139556541040428, guid: b6a1f64f77d9d9d458e280e2cf3ca88f,
        type: 3}
      propertyPath: m_LocalRotation.w
      value: -0.17975111
      objectReference: {fileID: 0}
    - target: {fileID: 818139556541040428, guid: b6a1f64f77d9d9d458e280e2cf3ca88f,
        type: 3}
      propertyPath: m_LocalRotation.y
      value: 0
      objectReference: {fileID: 0}
    - target: {fileID: 818139556541040428, guid: b6a1f64f77d9d9d458e280e2cf3ca88f,
        type: 3}
      propertyPath: m_LocalRotation.z
      value: -0.9837122
      objectReference: {fileID: 0}
    - target: {fileID: 837171434822987464, guid: b6a1f64f77d9d9d458e280e2cf3ca88f,
        type: 3}
      propertyPath: m_Bounds.m_Center.x
      value: -0.000000029802322
      objectReference: {fileID: 0}
    - target: {fileID: 837171434822987464, guid: b6a1f64f77d9d9d458e280e2cf3ca88f,
        type: 3}
      propertyPath: m_Bounds.m_Center.y
      value: 0.00008529425
      objectReference: {fileID: 0}
    - target: {fileID: 837171434822987464, guid: b6a1f64f77d9d9d458e280e2cf3ca88f,
        type: 3}
      propertyPath: m_Bounds.m_Extent.x
      value: 0.4550001
      objectReference: {fileID: 0}
    - target: {fileID: 837171434822987464, guid: b6a1f64f77d9d9d458e280e2cf3ca88f,
        type: 3}
      propertyPath: m_Bounds.m_Extent.y
      value: 0.1749301
      objectReference: {fileID: 0}
    - target: {fileID: 1024948314466794731, guid: b6a1f64f77d9d9d458e280e2cf3ca88f,
        type: 3}
      propertyPath: m_LocalRotation.w
      value: 0.85265535
      objectReference: {fileID: 0}
    - target: {fileID: 1024948314466794731, guid: b6a1f64f77d9d9d458e280e2cf3ca88f,
        type: 3}
      propertyPath: m_LocalRotation.z
      value: -0.52247375
      objectReference: {fileID: 0}
    - target: {fileID: 1073848721744894439, guid: b6a1f64f77d9d9d458e280e2cf3ca88f,
        type: 3}
      propertyPath: m_LocalRotation.w
      value: 0.50871533
      objectReference: {fileID: 0}
    - target: {fileID: 1073848721744894439, guid: b6a1f64f77d9d9d458e280e2cf3ca88f,
        type: 3}
      propertyPath: m_LocalRotation.x
      value: -0
      objectReference: {fileID: 0}
    - target: {fileID: 1073848721744894439, guid: b6a1f64f77d9d9d458e280e2cf3ca88f,
        type: 3}
      propertyPath: m_LocalRotation.y
      value: -0
      objectReference: {fileID: 0}
    - target: {fileID: 1073848721744894439, guid: b6a1f64f77d9d9d458e280e2cf3ca88f,
        type: 3}
      propertyPath: m_LocalRotation.z
      value: 0.86093473
      objectReference: {fileID: 0}
    - target: {fileID: 1127705994202634394, guid: b6a1f64f77d9d9d458e280e2cf3ca88f,
        type: 3}
      propertyPath: m_IsActive
      value: 0
      objectReference: {fileID: 0}
    - target: {fileID: 1350721712637345225, guid: b6a1f64f77d9d9d458e280e2cf3ca88f,
        type: 3}
      propertyPath: m_Bounds.m_Center.x
      value: 0.052785397
      objectReference: {fileID: 0}
    - target: {fileID: 1350721712637345225, guid: b6a1f64f77d9d9d458e280e2cf3ca88f,
        type: 3}
      propertyPath: m_Bounds.m_Center.y
      value: 0.077444315
      objectReference: {fileID: 0}
    - target: {fileID: 1350721712637345225, guid: b6a1f64f77d9d9d458e280e2cf3ca88f,
        type: 3}
      propertyPath: m_Bounds.m_Extent.x
      value: 0.572906
      objectReference: {fileID: 0}
    - target: {fileID: 1350721712637345225, guid: b6a1f64f77d9d9d458e280e2cf3ca88f,
        type: 3}
      propertyPath: m_Bounds.m_Extent.y
      value: 0.7748875
      objectReference: {fileID: 0}
    - target: {fileID: 1487305785000409885, guid: b6a1f64f77d9d9d458e280e2cf3ca88f,
        type: 3}
      propertyPath: m_IsActive
      value: 0
      objectReference: {fileID: 0}
    - target: {fileID: 1829693733678008927, guid: b6a1f64f77d9d9d458e280e2cf3ca88f,
        type: 3}
      propertyPath: m_Bounds.m_Center.x
      value: -0.0026049614
      objectReference: {fileID: 0}
    - target: {fileID: 1829693733678008927, guid: b6a1f64f77d9d9d458e280e2cf3ca88f,
        type: 3}
      propertyPath: m_Bounds.m_Center.y
      value: -0.0031449795
      objectReference: {fileID: 0}
    - target: {fileID: 1829693733678008927, guid: b6a1f64f77d9d9d458e280e2cf3ca88f,
        type: 3}
      propertyPath: m_Bounds.m_Extent.x
      value: 0.6282452
      objectReference: {fileID: 0}
    - target: {fileID: 2130786275704326958, guid: b6a1f64f77d9d9d458e280e2cf3ca88f,
        type: 3}
      propertyPath: m_Bounds.m_Center.x
      value: -0.0009599924
      objectReference: {fileID: 0}
    - target: {fileID: 2130786275704326958, guid: b6a1f64f77d9d9d458e280e2cf3ca88f,
        type: 3}
      propertyPath: m_Bounds.m_Center.y
      value: -0.0024846792
      objectReference: {fileID: 0}
    - target: {fileID: 2130786275704326958, guid: b6a1f64f77d9d9d458e280e2cf3ca88f,
        type: 3}
      propertyPath: m_Bounds.m_Extent.x
      value: 1.5159602
      objectReference: {fileID: 0}
    - target: {fileID: 2130786275704326958, guid: b6a1f64f77d9d9d458e280e2cf3ca88f,
        type: 3}
      propertyPath: m_Bounds.m_Extent.y
      value: 1.9975152
      objectReference: {fileID: 0}
    - target: {fileID: 2349537898795811410, guid: b6a1f64f77d9d9d458e280e2cf3ca88f,
        type: 3}
      propertyPath: m_Bounds.m_Center.x
      value: -0.008884549
      objectReference: {fileID: 0}
    - target: {fileID: 2349537898795811410, guid: b6a1f64f77d9d9d458e280e2cf3ca88f,
        type: 3}
      propertyPath: m_Bounds.m_Center.y
      value: -0.018685222
      objectReference: {fileID: 0}
    - target: {fileID: 2349537898795811410, guid: b6a1f64f77d9d9d458e280e2cf3ca88f,
        type: 3}
      propertyPath: m_Bounds.m_Extent.x
      value: 1.7292402
      objectReference: {fileID: 0}
    - target: {fileID: 2349537898795811410, guid: b6a1f64f77d9d9d458e280e2cf3ca88f,
        type: 3}
      propertyPath: m_Bounds.m_Extent.y
      value: 1.838001
      objectReference: {fileID: 0}
    - target: {fileID: 2373732976383929751, guid: b6a1f64f77d9d9d458e280e2cf3ca88f,
        type: 3}
      propertyPath: m_IsActive
      value: 0
      objectReference: {fileID: 0}
    - target: {fileID: 2794699317083734163, guid: b6a1f64f77d9d9d458e280e2cf3ca88f,
        type: 3}
      propertyPath: m_Bounds.m_Center.x
      value: 0.0075900257
      objectReference: {fileID: 0}
    - target: {fileID: 2794699317083734163, guid: b6a1f64f77d9d9d458e280e2cf3ca88f,
        type: 3}
      propertyPath: m_Bounds.m_Center.y
      value: -0.000054739416
      objectReference: {fileID: 0}
    - target: {fileID: 2794699317083734163, guid: b6a1f64f77d9d9d458e280e2cf3ca88f,
        type: 3}
      propertyPath: m_Bounds.m_Extent.x
      value: 0.37759012
      objectReference: {fileID: 0}
    - target: {fileID: 2794699317083734163, guid: b6a1f64f77d9d9d458e280e2cf3ca88f,
        type: 3}
      propertyPath: m_Bounds.m_Extent.y
      value: 0.10993002
      objectReference: {fileID: 0}
    - target: {fileID: 3151754718372119949, guid: b6a1f64f77d9d9d458e280e2cf3ca88f,
        type: 3}
      propertyPath: m_Sprite
      value: 
      objectReference: {fileID: -1800245746267594117, guid: b6a1f64f77d9d9d458e280e2cf3ca88f,
        type: 3}
    - target: {fileID: 3599778639907760996, guid: b6a1f64f77d9d9d458e280e2cf3ca88f,
        type: 3}
      propertyPath: m_Bounds.m_Center.x
      value: -0.634862
      objectReference: {fileID: 0}
    - target: {fileID: 3599778639907760996, guid: b6a1f64f77d9d9d458e280e2cf3ca88f,
        type: 3}
      propertyPath: m_Bounds.m_Center.y
      value: 0.36970943
      objectReference: {fileID: 0}
    - target: {fileID: 3599778639907760996, guid: b6a1f64f77d9d9d458e280e2cf3ca88f,
        type: 3}
      propertyPath: m_Bounds.m_Extent.x
      value: 0.5013924
      objectReference: {fileID: 0}
    - target: {fileID: 3599778639907760996, guid: b6a1f64f77d9d9d458e280e2cf3ca88f,
        type: 3}
      propertyPath: m_Bounds.m_Extent.y
      value: 0.6354166
      objectReference: {fileID: 0}
    - target: {fileID: 4789002468609519574, guid: b6a1f64f77d9d9d458e280e2cf3ca88f,
        type: 3}
      propertyPath: m_LocalRotation.w
      value: 0.30258742
      objectReference: {fileID: 0}
    - target: {fileID: 4789002468609519574, guid: b6a1f64f77d9d9d458e280e2cf3ca88f,
        type: 3}
      propertyPath: m_LocalRotation.x
      value: -0
      objectReference: {fileID: 0}
    - target: {fileID: 4789002468609519574, guid: b6a1f64f77d9d9d458e280e2cf3ca88f,
        type: 3}
      propertyPath: m_LocalRotation.y
      value: -0
      objectReference: {fileID: 0}
    - target: {fileID: 4789002468609519574, guid: b6a1f64f77d9d9d458e280e2cf3ca88f,
        type: 3}
      propertyPath: m_LocalRotation.z
      value: 0.9531217
      objectReference: {fileID: 0}
    - target: {fileID: 5579288224950226022, guid: b6a1f64f77d9d9d458e280e2cf3ca88f,
        type: 3}
      propertyPath: m_Bounds.m_Center.x
      value: -0.078572154
      objectReference: {fileID: 0}
    - target: {fileID: 5579288224950226022, guid: b6a1f64f77d9d9d458e280e2cf3ca88f,
        type: 3}
      propertyPath: m_Bounds.m_Center.y
      value: 0.097121894
      objectReference: {fileID: 0}
    - target: {fileID: 5579288224950226022, guid: b6a1f64f77d9d9d458e280e2cf3ca88f,
        type: 3}
      propertyPath: m_Bounds.m_Extent.x
      value: 1.0857286
      objectReference: {fileID: 0}
    - target: {fileID: 5579288224950226022, guid: b6a1f64f77d9d9d458e280e2cf3ca88f,
        type: 3}
      propertyPath: m_Bounds.m_Extent.y
      value: 0.9812092
      objectReference: {fileID: 0}
    - target: {fileID: 6347218548297234254, guid: b6a1f64f77d9d9d458e280e2cf3ca88f,
        type: 3}
      propertyPath: m_Bounds.m_Center.x
      value: -0.2846921
      objectReference: {fileID: 0}
    - target: {fileID: 6347218548297234254, guid: b6a1f64f77d9d9d458e280e2cf3ca88f,
        type: 3}
      propertyPath: m_Bounds.m_Center.y
      value: 0.15317738
      objectReference: {fileID: 0}
    - target: {fileID: 6347218548297234254, guid: b6a1f64f77d9d9d458e280e2cf3ca88f,
        type: 3}
      propertyPath: m_Bounds.m_Extent.x
      value: 0.48882782
      objectReference: {fileID: 0}
    - target: {fileID: 6347218548297234254, guid: b6a1f64f77d9d9d458e280e2cf3ca88f,
        type: 3}
      propertyPath: m_Bounds.m_Extent.y
      value: 1.0395141
      objectReference: {fileID: 0}
    - target: {fileID: 7516264585826064714, guid: b6a1f64f77d9d9d458e280e2cf3ca88f,
        type: 3}
      propertyPath: m_Bounds.m_Center.x
      value: -0.033720016
      objectReference: {fileID: 0}
    - target: {fileID: 7516264585826064714, guid: b6a1f64f77d9d9d458e280e2cf3ca88f,
        type: 3}
      propertyPath: m_Bounds.m_Center.y
      value: -0.0012786388
      objectReference: {fileID: 0}
    - target: {fileID: 7516264585826064714, guid: b6a1f64f77d9d9d458e280e2cf3ca88f,
        type: 3}
      propertyPath: m_Bounds.m_Extent.x
      value: 0.820041
      objectReference: {fileID: 0}
    - target: {fileID: 7516264585826064714, guid: b6a1f64f77d9d9d458e280e2cf3ca88f,
        type: 3}
      propertyPath: m_Bounds.m_Extent.y
      value: 1.1024916
      objectReference: {fileID: 0}
    - target: {fileID: 7872324054682015148, guid: b6a1f64f77d9d9d458e280e2cf3ca88f,
        type: 3}
      propertyPath: m_Bounds.m_Center.x
      value: -0.36777252
      objectReference: {fileID: 0}
    - target: {fileID: 7872324054682015148, guid: b6a1f64f77d9d9d458e280e2cf3ca88f,
        type: 3}
      propertyPath: m_Bounds.m_Center.y
      value: 0.16481519
      objectReference: {fileID: 0}
    - target: {fileID: 7872324054682015148, guid: b6a1f64f77d9d9d458e280e2cf3ca88f,
        type: 3}
      propertyPath: m_Bounds.m_Extent.x
      value: 0.15586156
      objectReference: {fileID: 0}
    - target: {fileID: 7872324054682015148, guid: b6a1f64f77d9d9d458e280e2cf3ca88f,
        type: 3}
      propertyPath: m_Bounds.m_Extent.y
      value: 0.32870686
      objectReference: {fileID: 0}
    - target: {fileID: 8741788763326807204, guid: b6a1f64f77d9d9d458e280e2cf3ca88f,
        type: 3}
      propertyPath: m_Bounds.m_Center.x
      value: -0.000749588
      objectReference: {fileID: 0}
    - target: {fileID: 8741788763326807204, guid: b6a1f64f77d9d9d458e280e2cf3ca88f,
        type: 3}
      propertyPath: m_Bounds.m_Center.y
      value: 0.0021749735
      objectReference: {fileID: 0}
    - target: {fileID: 8741788763326807204, guid: b6a1f64f77d9d9d458e280e2cf3ca88f,
        type: 3}
      propertyPath: m_Bounds.m_Extent.x
      value: 1.3560398
      objectReference: {fileID: 0}
    - target: {fileID: 8741788763326807204, guid: b6a1f64f77d9d9d458e280e2cf3ca88f,
        type: 3}
      propertyPath: m_Bounds.m_Extent.y
      value: 1.4023149
      objectReference: {fileID: 0}
    - target: {fileID: 9001652514965286482, guid: b6a1f64f77d9d9d458e280e2cf3ca88f,
        type: 3}
      propertyPath: m_IsActive
      value: 0
      objectReference: {fileID: 0}
    - target: {fileID: 9042531476949960526, guid: b6a1f64f77d9d9d458e280e2cf3ca88f,
        type: 3}
      propertyPath: m_SortingOrder
      value: 6
      objectReference: {fileID: 0}
    m_RemovedComponents: []
    m_RemovedGameObjects: []
    m_AddedGameObjects:
    - targetCorrespondingSourceObject: {fileID: -7552582706839291426, guid: b6a1f64f77d9d9d458e280e2cf3ca88f,
        type: 3}
      insertIndex: -1
      addedObject: {fileID: 4961965288216280549}
    - targetCorrespondingSourceObject: {fileID: -7552582706839291426, guid: b6a1f64f77d9d9d458e280e2cf3ca88f,
        type: 3}
      insertIndex: -1
      addedObject: {fileID: 4961965287992444103}
    - targetCorrespondingSourceObject: {fileID: -7552582706839291426, guid: b6a1f64f77d9d9d458e280e2cf3ca88f,
        type: 3}
      insertIndex: -1
      addedObject: {fileID: 4961965286908113350}
    - targetCorrespondingSourceObject: {fileID: -7552582706839291426, guid: b6a1f64f77d9d9d458e280e2cf3ca88f,
        type: 3}
      insertIndex: -1
      addedObject: {fileID: 4961965287826813494}
    m_AddedComponents:
    - targetCorrespondingSourceObject: {fileID: -8653719598885068355, guid: b6a1f64f77d9d9d458e280e2cf3ca88f,
        type: 3}
      insertIndex: -1
      addedObject: {fileID: 4961965288886507250}
    - targetCorrespondingSourceObject: {fileID: -8653719598885068355, guid: b6a1f64f77d9d9d458e280e2cf3ca88f,
        type: 3}
      insertIndex: -1
      addedObject: {fileID: 4961965288886507253}
    - targetCorrespondingSourceObject: {fileID: -6037749222303779671, guid: b6a1f64f77d9d9d458e280e2cf3ca88f,
        type: 3}
      insertIndex: -1
      addedObject: {fileID: 4961965288886507248}
    - targetCorrespondingSourceObject: {fileID: -9049914658162106428, guid: b6a1f64f77d9d9d458e280e2cf3ca88f,
        type: 3}
      insertIndex: -1
      addedObject: {fileID: 4961965288886507251}
  m_SourcePrefab: {fileID: 4843985084834002234, guid: b6a1f64f77d9d9d458e280e2cf3ca88f,
    type: 3}
--- !u!4 &480061606237468959 stripped
Transform:
  m_CorrespondingSourceObject: {fileID: 4789002468609519574, guid: b6a1f64f77d9d9d458e280e2cf3ca88f,
    type: 3}
  m_PrefabInstance: {fileID: 4961965288886507209}
  m_PrefabAsset: {fileID: 0}
--- !u!4 &2017019387552732533 stripped
Transform:
  m_CorrespondingSourceObject: {fileID: -2368447750744439876, guid: b6a1f64f77d9d9d458e280e2cf3ca88f,
    type: 3}
  m_PrefabInstance: {fileID: 4961965288886507209}
  m_PrefabAsset: {fileID: 0}
--- !u!4 &2466143238602507532 stripped
Transform:
  m_CorrespondingSourceObject: {fileID: -1808774596753337403, guid: b6a1f64f77d9d9d458e280e2cf3ca88f,
    type: 3}
  m_PrefabInstance: {fileID: 4961965288886507209}
  m_PrefabAsset: {fileID: 0}
--- !u!4 &4018138632593907153 stripped
Transform:
  m_CorrespondingSourceObject: {fileID: -927958196252931304, guid: b6a1f64f77d9d9d458e280e2cf3ca88f,
    type: 3}
  m_PrefabInstance: {fileID: 4961965288886507209}
  m_PrefabAsset: {fileID: 0}
--- !u!4 &4729520036866467353 stripped
Transform:
  m_CorrespondingSourceObject: {fileID: 395982831964303568, guid: b6a1f64f77d9d9d458e280e2cf3ca88f,
    type: 3}
  m_PrefabInstance: {fileID: 4961965288886507209}
  m_PrefabAsset: {fileID: 0}
--- !u!4 &4767139474215811288 stripped
Transform:
  m_CorrespondingSourceObject: {fileID: -8722283649178391023, guid: b6a1f64f77d9d9d458e280e2cf3ca88f,
    type: 3}
  m_PrefabInstance: {fileID: 4961965288886507209}
  m_PrefabAsset: {fileID: 0}
--- !u!1 &4844675814605240180 stripped
GameObject:
  m_CorrespondingSourceObject: {fileID: -8653719598885068355, guid: b6a1f64f77d9d9d458e280e2cf3ca88f,
    type: 3}
  m_PrefabInstance: {fileID: 4961965288886507209}
  m_PrefabAsset: {fileID: 0}
--- !u!114 &4961965288886507250
MonoBehaviour:
  m_ObjectHideFlags: 0
  m_CorrespondingSourceObject: {fileID: 0}
  m_PrefabInstance: {fileID: 0}
  m_PrefabAsset: {fileID: 0}
  m_GameObject: {fileID: 4844675814605240180}
  m_Enabled: 1
  m_EditorHideFlags: 0
  m_Script: {fileID: 11500000, guid: 097b551f2844b054290f18a39bf892e9, type: 3}
  m_Name: 
  m_EditorClassIdentifier: 
  m_Solvers:
  - {fileID: 4961965288216280546}
  - {fileID: 4961965287992444100}
  - {fileID: 4961965286908113351}
  - {fileID: 4961965287826813495}
  m_Weight: 1
  m_SolverEditorData:
  - color: {r: 0, g: 1, b: 0, a: 1}
    showGizmo: 1
  - color: {r: 0, g: 1, b: 0, a: 1}
    showGizmo: 1
  - color: {r: 0, g: 1, b: 0, a: 1}
    showGizmo: 1
  - color: {r: 0, g: 1, b: 0, a: 1}
    showGizmo: 1
--- !u!114 &4961965288886507253
MonoBehaviour:
  m_ObjectHideFlags: 0
  m_CorrespondingSourceObject: {fileID: 0}
  m_PrefabInstance: {fileID: 0}
  m_PrefabAsset: {fileID: 0}
  m_GameObject: {fileID: 4844675814605240180}
  m_Enabled: 1
  m_EditorHideFlags: 0
  m_Script: {fileID: 11500000, guid: c29cff538c195c249b69c6f2236de67b, type: 3}
  m_Name: 
  m_EditorClassIdentifier: 
  m_Library: []
  m_SpriteLibraryAsset: {fileID: 7108339969198208228, guid: 85bc174f7658de740807550a7c55e1ff,
    type: 3}
--- !u!1 &5094784708131391757 stripped
GameObject:
  m_CorrespondingSourceObject: {fileID: -9049914658162106428, guid: b6a1f64f77d9d9d458e280e2cf3ca88f,
    type: 3}
  m_PrefabInstance: {fileID: 4961965288886507209}
  m_PrefabAsset: {fileID: 0}
--- !u!114 &4961965288886507251
MonoBehaviour:
  m_ObjectHideFlags: 0
  m_CorrespondingSourceObject: {fileID: 0}
  m_PrefabInstance: {fileID: 0}
  m_PrefabAsset: {fileID: 0}
  m_GameObject: {fileID: 5094784708131391757}
  m_Enabled: 1
  m_EditorHideFlags: 0
  m_Script: {fileID: 11500000, guid: ed8b1ae4e4e52b34ea557c1c11e076fc, type: 3}
  m_Name: 
  m_EditorClassIdentifier: 
  m_CategoryHash: 0
  m_labelHash: 0
  m_SpriteKey: 0
  m_SpriteHash: 651060291
--- !u!4 &5348977399989702446 stripped
Transform:
  m_CorrespondingSourceObject: {fileID: 1073848721744894439, guid: b6a1f64f77d9d9d458e280e2cf3ca88f,
    type: 3}
  m_PrefabInstance: {fileID: 4961965288886507209}
  m_PrefabAsset: {fileID: 0}
--- !u!4 &5396763898907699746 stripped
Transform:
  m_CorrespondingSourceObject: {fileID: 1024948314466794731, guid: b6a1f64f77d9d9d458e280e2cf3ca88f,
    type: 3}
  m_PrefabInstance: {fileID: 4961965288886507209}
  m_PrefabAsset: {fileID: 0}
--- !u!4 &5621293997553430255 stripped
Transform:
  m_CorrespondingSourceObject: {fileID: -8440123691532863450, guid: b6a1f64f77d9d9d458e280e2cf3ca88f,
    type: 3}
  m_PrefabInstance: {fileID: 4961965288886507209}
  m_PrefabAsset: {fileID: 0}
--- !u!4 &5730527835655049701 stripped
Transform:
  m_CorrespondingSourceObject: {fileID: 818139556541040428, guid: b6a1f64f77d9d9d458e280e2cf3ca88f,
    type: 3}
  m_PrefabInstance: {fileID: 4961965288886507209}
  m_PrefabAsset: {fileID: 0}
--- !u!4 &6049362518520098583 stripped
Transform:
  m_CorrespondingSourceObject: {fileID: -7552582706839291426, guid: b6a1f64f77d9d9d458e280e2cf3ca88f,
    type: 3}
  m_PrefabInstance: {fileID: 4961965288886507209}
  m_PrefabAsset: {fileID: 0}
--- !u!4 &7005699056421867311 stripped
Transform:
  m_CorrespondingSourceObject: {fileID: -6492696360017028634, guid: b6a1f64f77d9d9d458e280e2cf3ca88f,
    type: 3}
  m_PrefabInstance: {fileID: 4961965288886507209}
  m_PrefabAsset: {fileID: 0}
--- !u!1 &7559830948483113568 stripped
GameObject:
  m_CorrespondingSourceObject: {fileID: -6037749222303779671, guid: b6a1f64f77d9d9d458e280e2cf3ca88f,
    type: 3}
  m_PrefabInstance: {fileID: 4961965288886507209}
  m_PrefabAsset: {fileID: 0}
--- !u!114 &4961965288886507248
MonoBehaviour:
  m_ObjectHideFlags: 0
  m_CorrespondingSourceObject: {fileID: 0}
  m_PrefabInstance: {fileID: 0}
  m_PrefabAsset: {fileID: 0}
  m_GameObject: {fileID: 7559830948483113568}
  m_Enabled: 1
  m_EditorHideFlags: 0
  m_Script: {fileID: 11500000, guid: ed8b1ae4e4e52b34ea557c1c11e076fc, type: 3}
  m_Name: 
  m_EditorClassIdentifier: 
  m_CategoryHash: 0
  m_labelHash: 0
  m_SpriteKey: 0
  m_SpriteHash: 973910922
--- !u!4 &7817661308120599546 stripped
Transform:
  m_CorrespondingSourceObject: {fileID: -6295582949194719949, guid: b6a1f64f77d9d9d458e280e2cf3ca88f,
    type: 3}
  m_PrefabInstance: {fileID: 4961965288886507209}
  m_PrefabAsset: {fileID: 0}
--- !u!1001 &6727577232715050287
PrefabInstance:
  m_ObjectHideFlags: 0
  serializedVersion: 2
  m_Modification:
    serializedVersion: 3
    m_TransformParent: {fileID: 4961965287145103271}
    m_Modifications:
    - target: {fileID: 2387492937509161415, guid: 454db0e909d7c4747ba6dce8dc1f46bf,
        type: 3}
      propertyPath: m_RootOrder
      value: 0
      objectReference: {fileID: 0}
    - target: {fileID: 2387492937509161415, guid: 454db0e909d7c4747ba6dce8dc1f46bf,
        type: 3}
      propertyPath: m_LocalPosition.x
      value: 0.5
      objectReference: {fileID: 0}
    - target: {fileID: 2387492937509161415, guid: 454db0e909d7c4747ba6dce8dc1f46bf,
        type: 3}
      propertyPath: m_LocalPosition.y
      value: 1.1749992
      objectReference: {fileID: 0}
    - target: {fileID: 2387492937509161415, guid: 454db0e909d7c4747ba6dce8dc1f46bf,
        type: 3}
      propertyPath: m_LocalPosition.z
      value: 0
      objectReference: {fileID: 0}
    - target: {fileID: 2387492937509161415, guid: 454db0e909d7c4747ba6dce8dc1f46bf,
        type: 3}
      propertyPath: m_LocalRotation.w
      value: 1
      objectReference: {fileID: 0}
    - target: {fileID: 2387492937509161415, guid: 454db0e909d7c4747ba6dce8dc1f46bf,
        type: 3}
      propertyPath: m_LocalRotation.x
      value: 0
      objectReference: {fileID: 0}
    - target: {fileID: 2387492937509161415, guid: 454db0e909d7c4747ba6dce8dc1f46bf,
        type: 3}
      propertyPath: m_LocalRotation.y
      value: 0
      objectReference: {fileID: 0}
    - target: {fileID: 2387492937509161415, guid: 454db0e909d7c4747ba6dce8dc1f46bf,
        type: 3}
      propertyPath: m_LocalRotation.z
      value: 0
      objectReference: {fileID: 0}
    - target: {fileID: 2387492937509161415, guid: 454db0e909d7c4747ba6dce8dc1f46bf,
        type: 3}
      propertyPath: m_LocalEulerAnglesHint.x
      value: 0
      objectReference: {fileID: 0}
    - target: {fileID: 2387492937509161415, guid: 454db0e909d7c4747ba6dce8dc1f46bf,
        type: 3}
      propertyPath: m_LocalEulerAnglesHint.y
      value: 0
      objectReference: {fileID: 0}
    - target: {fileID: 2387492937509161415, guid: 454db0e909d7c4747ba6dce8dc1f46bf,
        type: 3}
      propertyPath: m_LocalEulerAnglesHint.z
      value: 0
      objectReference: {fileID: 0}
    - target: {fileID: 2393633238562108533, guid: 454db0e909d7c4747ba6dce8dc1f46bf,
        type: 3}
      propertyPath: m_Name
      value: PartikelDeathSmall Variant (1)
      objectReference: {fileID: 0}
    - target: {fileID: 2393633238562108533, guid: 454db0e909d7c4747ba6dce8dc1f46bf,
        type: 3}
      propertyPath: m_IsActive
      value: 0
      objectReference: {fileID: 0}
    m_RemovedComponents: []
    m_RemovedGameObjects: []
    m_AddedGameObjects: []
    m_AddedComponents: []
  m_SourcePrefab: {fileID: 100100000, guid: 454db0e909d7c4747ba6dce8dc1f46bf, type: 3}
--- !u!4 &8970946105961391336 stripped
Transform:
  m_CorrespondingSourceObject: {fileID: 2387492937509161415, guid: 454db0e909d7c4747ba6dce8dc1f46bf,
    type: 3}
  m_PrefabInstance: {fileID: 6727577232715050287}
  m_PrefabAsset: {fileID: 0}
--- !u!1001 &7084868533746033553
PrefabInstance:
  m_ObjectHideFlags: 0
  serializedVersion: 2
  m_Modification:
    serializedVersion: 3
    m_TransformParent: {fileID: 4961965287145103271}
    m_Modifications:
    - target: {fileID: 2387492937509161415, guid: 454db0e909d7c4747ba6dce8dc1f46bf,
        type: 3}
      propertyPath: m_RootOrder
      value: 0
      objectReference: {fileID: 0}
    - target: {fileID: 2387492937509161415, guid: 454db0e909d7c4747ba6dce8dc1f46bf,
        type: 3}
      propertyPath: m_LocalPosition.x
      value: 0.5
      objectReference: {fileID: 0}
    - target: {fileID: 2387492937509161415, guid: 454db0e909d7c4747ba6dce8dc1f46bf,
        type: 3}
      propertyPath: m_LocalPosition.y
      value: 1.175
      objectReference: {fileID: 0}
    - target: {fileID: 2387492937509161415, guid: 454db0e909d7c4747ba6dce8dc1f46bf,
        type: 3}
      propertyPath: m_LocalPosition.z
      value: 0
      objectReference: {fileID: 0}
    - target: {fileID: 2387492937509161415, guid: 454db0e909d7c4747ba6dce8dc1f46bf,
        type: 3}
      propertyPath: m_LocalRotation.w
      value: 1
      objectReference: {fileID: 0}
    - target: {fileID: 2387492937509161415, guid: 454db0e909d7c4747ba6dce8dc1f46bf,
        type: 3}
      propertyPath: m_LocalRotation.x
      value: 0
      objectReference: {fileID: 0}
    - target: {fileID: 2387492937509161415, guid: 454db0e909d7c4747ba6dce8dc1f46bf,
        type: 3}
      propertyPath: m_LocalRotation.y
      value: 0
      objectReference: {fileID: 0}
    - target: {fileID: 2387492937509161415, guid: 454db0e909d7c4747ba6dce8dc1f46bf,
        type: 3}
      propertyPath: m_LocalRotation.z
      value: 0
      objectReference: {fileID: 0}
    - target: {fileID: 2387492937509161415, guid: 454db0e909d7c4747ba6dce8dc1f46bf,
        type: 3}
      propertyPath: m_LocalEulerAnglesHint.x
      value: 0
      objectReference: {fileID: 0}
    - target: {fileID: 2387492937509161415, guid: 454db0e909d7c4747ba6dce8dc1f46bf,
        type: 3}
      propertyPath: m_LocalEulerAnglesHint.y
      value: 0
      objectReference: {fileID: 0}
    - target: {fileID: 2387492937509161415, guid: 454db0e909d7c4747ba6dce8dc1f46bf,
        type: 3}
      propertyPath: m_LocalEulerAnglesHint.z
      value: 0
      objectReference: {fileID: 0}
    - target: {fileID: 2393633238562108533, guid: 454db0e909d7c4747ba6dce8dc1f46bf,
        type: 3}
      propertyPath: m_Name
      value: PartikelDeathSmall Variant
      objectReference: {fileID: 0}
    - target: {fileID: 2393633238562108533, guid: 454db0e909d7c4747ba6dce8dc1f46bf,
        type: 3}
      propertyPath: m_IsActive
      value: 0
      objectReference: {fileID: 0}
    m_RemovedComponents: []
    m_RemovedGameObjects: []
    m_AddedGameObjects: []
    m_AddedComponents: []
  m_SourcePrefab: {fileID: 100100000, guid: 454db0e909d7c4747ba6dce8dc1f46bf, type: 3}
--- !u!4 &4859549241191344726 stripped
Transform:
  m_CorrespondingSourceObject: {fileID: 2387492937509161415, guid: 454db0e909d7c4747ba6dce8dc1f46bf,
    type: 3}
  m_PrefabInstance: {fileID: 7084868533746033553}
  m_PrefabAsset: {fileID: 0}
