%YAML 1.1
%TAG !u! tag:unity3d.com,2011:
--- !u!1 &1940841610539384
GameObject:
  m_ObjectHideFlags: 0
  m_CorrespondingSourceObject: {fileID: 0}
  m_PrefabInstance: {fileID: 0}
  m_PrefabAsset: {fileID: 0}
  serializedVersion: 6
  m_Component:
  - component: {fileID: 4886584821303972}
  - component: {fileID: 212708264386935792}
  - component: {fileID: 114915391788536328}
  - component: {fileID: 82445252575884640}
  m_Layer: 13
  m_Name: ShieldEmpty
  m_TagString: Zone
  m_Icon: {fileID: 0}
  m_NavMeshLayer: 0
  m_StaticEditorFlags: 0
  m_IsActive: 1
--- !u!4 &4886584821303972
Transform:
  m_ObjectHideFlags: 0
  m_CorrespondingSourceObject: {fileID: 0}
  m_PrefabInstance: {fileID: 0}
  m_PrefabAsset: {fileID: 0}
  m_GameObject: {fileID: 1940841610539384}
  m_LocalRotation: {x: 0, y: 0, z: 0, w: 1}
  m_LocalPosition: {x: 27.430744, y: -26.058083, z: 0}
  m_LocalScale: {x: 0.25, y: 0.35, z: 1}
  m_ConstrainProportionsScale: 0
  m_Children:
  - {fileID: 4242331273156833818}
  m_Father: {fileID: 0}
  m_RootOrder: 0
  m_LocalEulerAnglesHint: {x: 0, y: 0, z: 0}
--- !u!212 &212708264386935792
SpriteRenderer:
  m_ObjectHideFlags: 0
  m_CorrespondingSourceObject: {fileID: 0}
  m_PrefabInstance: {fileID: 0}
  m_PrefabAsset: {fileID: 0}
  m_GameObject: {fileID: 1940841610539384}
  m_Enabled: 1
  m_CastShadows: 0
  m_ReceiveShadows: 0
  m_DynamicOccludee: 1
  m_StaticShadowCaster: 0
  m_MotionVectors: 1
  m_LightProbeUsage: 1
  m_ReflectionProbeUsage: 1
  m_RayTracingMode: 0
  m_RayTraceProcedural: 0
  m_RenderingLayerMask: 1
  m_RendererPriority: 0
  m_Materials:
  - {fileID: 2100000, guid: 272ba847f100d4251bb8260575189042, type: 2}
  m_StaticBatchInfo:
    firstSubMesh: 0
    subMeshCount: 0
  m_StaticBatchRoot: {fileID: 0}
  m_ProbeAnchor: {fileID: 0}
  m_LightProbeVolumeOverride: {fileID: 0}
  m_ScaleInLightmap: 1
  m_ReceiveGI: 1
  m_PreserveUVs: 0
  m_IgnoreNormalsForChartDetection: 0
  m_ImportantGI: 0
  m_StitchLightmapSeams: 0
  m_SelectedEditorRenderState: 0
  m_MinimumChartSize: 4
  m_AutoUVMaxDistance: 0.5
  m_AutoUVMaxAngle: 89
  m_LightmapParameters: {fileID: 0}
  m_SortingLayerID: -281981609
  m_SortingLayer: 4
  m_SortingOrder: 0
  m_Sprite: {fileID: 21300000, guid: 139bdc3be897c8942835424f476ab3a4, type: 3}
  m_Color: {r: 1, g: 1, b: 1, a: 1}
  m_FlipX: 0
  m_FlipY: 0
  m_DrawMode: 0
  m_Size: {x: 13, y: 13}
  m_AdaptiveModeThreshold: 0.5
  m_SpriteTileMode: 0
  m_WasSpriteAssigned: 1
  m_MaskInteraction: 0
  m_SpriteSortPoint: 0
--- !u!114 &114915391788536328
MonoBehaviour:
  m_ObjectHideFlags: 0
  m_CorrespondingSourceObject: {fileID: 0}
  m_PrefabInstance: {fileID: 0}
  m_PrefabAsset: {fileID: 0}
  m_GameObject: {fileID: 1940841610539384}
  m_Enabled: 1
  m_EditorHideFlags: 0
  m_Script: {fileID: 11500000, guid: 44334f4d4202f0f42a118fc5b8c30ad8, type: 3}
  m_Name: 
  m_EditorClassIdentifier: 
--- !u!82 &82445252575884640
AudioSource:
  m_ObjectHideFlags: 0
  m_CorrespondingSourceObject: {fileID: 0}
  m_PrefabInstance: {fileID: 0}
  m_PrefabAsset: {fileID: 0}
  m_GameObject: {fileID: 1940841610539384}
  m_Enabled: 1
  serializedVersion: 4
  OutputAudioMixerGroup: {fileID: 0}
  m_audioClip: {fileID: 8300000, guid: fcd634c2da6b5f94c897aca57ad03a83, type: 3}
  m_PlayOnAwake: 1
  m_Volume: 1
  m_Pitch: 1
  Loop: 0
  Mute: 0
  Spatialize: 0
  SpatializePostEffects: 0
  Priority: 128
  DopplerLevel: 1
  MinDistance: 1
  MaxDistance: 150
  Pan2D: 0
  rolloffMode: 1
  BypassEffects: 0
  BypassListenerEffects: 0
  BypassReverbZones: 0
  rolloffCustomCurve:
    serializedVersion: 2
    m_Curve:
    - serializedVersion: 3
      time: 0
      value: 1
      inSlope: 0
      outSlope: 0
      tangentMode: 0
      weightedMode: 0
      inWeight: 0.33333334
      outWeight: 0.33333334
    - serializedVersion: 3
      time: 1
      value: 0
      inSlope: 0
      outSlope: 0
      tangentMode: 0
      weightedMode: 0
      inWeight: 0.33333334
      outWeight: 0.33333334
    m_PreInfinity: 2
    m_PostInfinity: 2
    m_RotationOrder: 4
  panLevelCustomCurve:
    serializedVersion: 2
    m_Curve:
    - serializedVersion: 3
      time: 0
      value: 1
      inSlope: 0
      outSlope: 0
      tangentMode: 0
      weightedMode: 0
      inWeight: 0.33333334
      outWeight: 0.33333334
    m_PreInfinity: 2
    m_PostInfinity: 2
    m_RotationOrder: 0
  spreadCustomCurve:
    serializedVersion: 2
    m_Curve:
    - serializedVersion: 3
      time: 0
      value: 0
      inSlope: 0
      outSlope: 0
      tangentMode: 0
      weightedMode: 0
      inWeight: 0.33333334
      outWeight: 0.33333334
    m_PreInfinity: 2
    m_PostInfinity: 2
    m_RotationOrder: 0
  reverbZoneMixCustomCurve:
    serializedVersion: 2
    m_Curve:
    - serializedVersion: 3
      time: 0
      value: 1
      inSlope: 0
      outSlope: 0
      tangentMode: 0
      weightedMode: 0
      inWeight: 0.33333334
      outWeight: 0.33333334
    m_PreInfinity: 2
    m_PostInfinity: 2
    m_RotationOrder: 0
--- !u!1 &3051814333542764644
GameObject:
  m_ObjectHideFlags: 0
  m_CorrespondingSourceObject: {fileID: 0}
  m_PrefabInstance: {fileID: 0}
  m_PrefabAsset: {fileID: 0}
  serializedVersion: 6
  m_Component:
  - component: {fileID: 4242331273156833818}
  - component: {fileID: 1724090221959761989}
  - component: {fileID: 5422581694654862103}
  m_Layer: 0
  m_Name: Point Light 2D
  m_TagString: Untagged
  m_Icon: {fileID: 0}
  m_NavMeshLayer: 0
  m_StaticEditorFlags: 0
  m_IsActive: 1
--- !u!4 &4242331273156833818
Transform:
  m_ObjectHideFlags: 0
  m_CorrespondingSourceObject: {fileID: 0}
  m_PrefabInstance: {fileID: 0}
  m_PrefabAsset: {fileID: 0}
  m_GameObject: {fileID: 3051814333542764644}
  m_LocalRotation: {x: -0, y: -0, z: -0.016871287, w: 0.9998577}
  m_LocalPosition: {x: 0, y: 0, z: 0}
  m_LocalScale: {x: 1, y: 1, z: 1}
  m_ConstrainProportionsScale: 0
  m_Children: []
  m_Father: {fileID: 4886584821303972}
  m_RootOrder: 0
  m_LocalEulerAnglesHint: {x: 0, y: 0, z: 0}
--- !u!114 &1724090221959761989
MonoBehaviour:
  m_ObjectHideFlags: 0
  m_CorrespondingSourceObject: {fileID: 0}
  m_PrefabInstance: {fileID: 0}
  m_PrefabAsset: {fileID: 0}
  m_GameObject: {fileID: 3051814333542764644}
  m_Enabled: 1
  m_EditorHideFlags: 0
  m_Script: {fileID: 11500000, guid: 073797afb82c5a1438f328866b10b3f0, type: 3}
  m_Name: 
  m_EditorClassIdentifier: 
  m_ComponentVersion: 1
  m_LightType: 3
  m_BlendStyleIndex: 0
  m_FalloffIntensity: 0.5
  m_Color: {r: 1, g: 0, b: 0, a: 1}
  m_Intensity: 0.5
  m_LightVolumeIntensity: 0.5
  m_LightVolumeIntensityEnabled: 1
  m_ApplyToSortingLayers: 00000000a12ef43143f85d82574d31ef411de148
  m_LightCookieSprite: {fileID: 0}
  m_DeprecatedPointLightCookieSprite: {fileID: 0}
  m_LightOrder: 0
  m_AlphaBlendOnOverlap: 0
  m_OverlapOperation: 0
  m_NormalMapDistance: 3
  m_NormalMapQuality: 2
  m_UseNormalMap: 0
  m_ShadowIntensityEnabled: 0
  m_ShadowIntensity: 0
  m_ShadowVolumeIntensityEnabled: 0
  m_ShadowVolumeIntensity: 0
  m_Vertices:
  - position: {x: 0.9985302, y: 0.9985302, z: 0}
    color: {r: 0.70710677, g: 0.70710677, b: 0, a: 0}
    uv: {x: 0, y: 0}
  - position: {x: 0.9985302, y: 0.9985302, z: 0}
    color: {r: 0, g: 0, b: 0, a: 1}
    uv: {x: 0, y: 0}
  - position: {x: -0.9985302, y: 0.9985302, z: 0}
    color: {r: -0.70710677, g: 0.70710677, b: 0, a: 0}
    uv: {x: 0, y: 0}
  - position: {x: -0.9985302, y: 0.9985302, z: 0}
    color: {r: 0, g: 0, b: 0, a: 1}
    uv: {x: 0, y: 0}
  - position: {x: -0.99853003, y: -0.9985304, z: 0}
    color: {r: -0.70710665, g: -0.7071069, b: 0, a: 0}
    uv: {x: 0, y: 0}
  - position: {x: -0.99853003, y: -0.9985304, z: 0}
    color: {r: 0, g: 0, b: 0, a: 1}
    uv: {x: 0, y: 0}
  - position: {x: 0.99853003, y: -0.9985304, z: 0}
    color: {r: 0.70710665, g: -0.7071069, b: 0, a: 0}
    uv: {x: 0, y: 0}
  - position: {x: 0.99853003, y: -0.9985304, z: 0}
    color: {r: 0, g: 0, b: 0, a: 1}
    uv: {x: 0, y: 0}
  - position: {x: 0, y: 0, z: 0}
    color: {r: 0, g: 0, b: 0, a: 1}
    uv: {x: 0, y: 0}
  m_Triangles: 030001000800020000000100030002000100050003000800040002000300050004000300070005000800060004000500070006000500010007000800000006000700010000000700
  m_LocalBounds:
    m_Center: {x: 0, y: -0.00000011920929, z: 0}
    m_Extent: {x: 0.9985302, y: 0.99853027, z: 0}
  m_PointLightInnerAngle: 360
  m_PointLightOuterAngle: 360
  m_PointLightInnerRadius: 0
  m_PointLightOuterRadius: 3.6961975
  m_ShapeLightParametricSides: 5
  m_ShapeLightParametricAngleOffset: 0
  m_ShapeLightParametricRadius: 1
  m_ShapeLightFalloffSize: 0.5
  m_ShapeLightFalloffOffset: {x: 0, y: 0}
  m_ShapePath:
  - {x: -0.5, y: -0.5, z: 0}
  - {x: 0.5, y: -0.5, z: 0}
  - {x: 0.5, y: 0.5, z: 0}
  - {x: -0.5, y: 0.5, z: 0}
--- !u!114 &5422581694654862103
MonoBehaviour:
  m_ObjectHideFlags: 0
  m_CorrespondingSourceObject: {fileID: 0}
  m_PrefabInstance: {fileID: 0}
  m_PrefabAsset: {fileID: 0}
  m_GameObject: {fileID: 3051814333542764644}
  m_Enabled: 1
  m_EditorHideFlags: 0
  m_Script: {fileID: 11500000, guid: 7cf1227465b7f1c40b315b02ed179493, type: 3}
  m_Name: 
  m_EditorClassIdentifier: 
